
@article{HurrellCommunityEarthSystem2013,
  title = {The {{Community Earth System Model}}: {{A Framework}} for {{Collaborative Research}}},
  volume = {94},
  issn = {0003-0007},
  shorttitle = {The {{Community Earth System Model}}},
  doi = {10.1175/BAMS-D-12-00121.1},
  number = {9},
  journal = {Bulletin of the American Meteorological Society},
  author = {Hurrell, James W. and Holland, M. M. and Gent, P. R. and Ghan, S. and Kay, Jennifer E. and Kushner, P. J. and Lamarque, J.-F. and Large, W. G. and Lawrence, D. and Lindsay, K. and Lipscomb, W. H. and Long, M. C. and Mahowald, N. and Marsh, D. R. and Neale, R. B. and Rasch, P. and Vavrus, S. and Vertenstein, M. and Bader, D. and Collins, W. D. and Hack, J. J. and Kiehl, J. and Marshall, S.},
  month = feb,
  year = {2013},
  pages = {1339--1360},
  file = {/Users/tylerrohr/Zotero/storage/S7HC2J7I/Hurrell et al. - 2013 - The Community Earth System Model A Framework for .pdf;/Users/tylerrohr/Zotero/storage/G3S8JU6Z/BAMS-D-12-00121.html}
}

@article{MooreMarineEcosystemDynamics2013,
  title = {Marine {{Ecosystem Dynamics}} and {{Biogeochemical Cycling}} in the {{Community Earth System Model}} [{{CESM1}}({{BGC}})]: {{Comparison}} of the 1990s with the 2090s under the {{RCP4}}.5 and {{RCP8}}.5 {{Scenarios}}},
  volume = {26},
  issn = {0894-8755},
  shorttitle = {Marine {{Ecosystem Dynamics}} and {{Biogeochemical Cycling}} in the {{Community Earth System Model}} [{{CESM1}}({{BGC}})]},
  doi = {10.1175/JCLI-D-12-00566.1},
  number = {23},
  journal = {Journal of Climate},
  author = {Moore, J. Keith and Lindsay, Keith and Doney, Scott C. and Long, Matthew C. and Misumi, Kazuhiro},
  month = aug,
  year = {2013},
  pages = {9291--9312},
  file = {/Users/tylerrohr/Zotero/storage/LXTHDU87/Moore et al. - 2013 - Marine Ecosystem Dynamics and Biogeochemical Cycli.pdf;/Users/tylerrohr/Zotero/storage/QEKY3MHJ/JCLI-D-12-00566.html}
}

@article{Boydbiogeochemicalcycleiron2010,
  title = {The Biogeochemical Cycle of Iron in the Ocean},
  volume = {3},
  copyright = {2010 Nature Publishing Group},
  issn = {1752-0908},
  doi = {10.1038/ngeo964},
  language = {En},
  number = {10},
  journal = {Nature Geoscience},
  author = {Boyd, P. W. and Ellwood, M. J.},
  month = oct,
  year = {2010},
  pages = {675},
  file = {/Users/tylerrohr/Zotero/storage/9HBQLFGR/ngeo964.html}
}

@article{Cheltoninfluencenonlinearmesoscale2011,
  title = {The Influence of Nonlinear Mesoscale Eddies on Near-Surface Oceanic Chlorophyll},
  volume = {334},
  issn = {1095-9203},
  doi = {10.1126/science.1208897},
  language = {eng},
  number = {6054},
  journal = {Science (New York, N.Y.)},
  author = {Chelton, Dudley B. and Gaube, Peter and Schlax, Michael G. and Early, Jeffrey J. and Samelson, Roger M.},
  month = oct,
  year = {2011},
  pages = {328--332},
  pmid = {21921157}
}

@article{CheltonGlobalobservationslarge2007,
  title = {Global Observations of Large Oceanic Eddies},
  volume = {34},
  issn = {1944-8007},
  doi = {10.1029/2007GL030812},
  language = {en},
  number = {15},
  journal = {Geophysical Research Letters},
  author = {Chelton, Dudley B. and Schlax, Michael G. and Samelson, Roger M. and {de Szoeke}, Roland A.},
  month = aug,
  year = {2007},
  keywords = {4275 Remote sensing and electromagnetic processes,4520 Eddies and mesoscale processes,4556 Sea level: variations and mean,altimeter or altimetry,eddies,Rossby waves,sea surface height},
  pages = {L15606},
  file = {/Users/tylerrohr/Zotero/storage/XMRVPEMN/Chelton et al. - 2007 - Global observations of large oceanic eddies.pdf;/Users/tylerrohr/Zotero/storage/7DEY8XD2/abstract.html}
}

@article{BaarImportanceironplankton1995,
  title = {Importance of Iron for Plankton Blooms and Carbon Dioxide Drawdown in the {{Southern Ocean}}},
  volume = {373},
  journal = {Nature},
  author = {de Baar, H. J. W. and de Jong, J. T. M. and Bakker, D. C. E. and L{\"o}scher, B. M. and Veth, C. and Bathmann, Ulrich and Smetacek, Victor},
  year = {1995},
  pages = {412--415},
  file = {/Users/tylerrohr/Zotero/storage/9JJUCGAT/156.html}
}

@article{deBaarSynthesisironfertilization2005,
  title = {Synthesis of Iron Fertilization Experiments: {{From}} the {{Iron Age}} in the {{Age}} of {{Enlightenment}}},
  volume = {110},
  issn = {2156-2202},
  shorttitle = {Synthesis of Iron Fertilization Experiments},
  doi = {10.1029/2004JC002601},
  language = {en},
  number = {C9},
  journal = {Journal of Geophysical Research: Oceans},
  author = {{de Baar}, Hein J. W. and Boyd, Philip W. and Coale, Kenneth H. and Landry, Michael R. and Tsuda, Atsushi and Assmy, Philipp and Bakker, Dorothee C. E. and Bozec, Yann and Barber, Richard T. and Brzezinski, Mark A. and Buesseler, Ken O. and Boy{\'e}, Marie and Croot, Peter L. and Gervais, Frank and Gorbunov, Maxim Y. and Harrison, Paul J. and Hiscock, William T. and Laan, Patrick and Lancelot, Christiane and Law, Cliff S. and Levasseur, Maurice and Marchetti, Adrian and Millero, Frank J. and Nishioka, Jun and Nojiri, Yukihiro and {van Oijen}, Tim and Riebesell, Ulf and Rijkenberg, Micha J. A. and Saito, Hiroaki and Takeda, Shigenobu and Timmermans, Klaas R. and Veldhuis, Marcel J. W. and Waite, Anya M. and Wong, Chi-Shing},
  month = sep,
  year = {2005},
  keywords = {4806 Carbon cycling,4807 Chemical speciation and complexation,4853 Photosynthesis,4855 Phytoplankton,4875 Trace elements,fertilization,iron,phytoplankton},
  pages = {C09S16},
  file = {/Users/tylerrohr/Zotero/storage/378MQLFQ/de Baar et al. - 2005 - Synthesis of iron fertilization experiments From .pdf;/Users/tylerrohr/Zotero/storage/EMQ2VGP5/abstract.html}
}

@article{Doneynewcoupledonedimensional1996,
  title = {A New Coupled, One-Dimensional Biological-Physical Model for the Upper Ocean: {{Applications}} to the {{JGOFS Bermuda Atlantic Time}}-Series {{Study}} ({{BATS}}) Site},
  volume = {43},
  issn = {0967-0645},
  shorttitle = {A New Coupled, One-Dimensional Biological-Physical Model for the Upper Ocean},
  doi = {10.1016/0967-0645(95)00104-2},
  number = {2},
  journal = {Deep Sea Research Part II: Topical Studies in Oceanography},
  author = {Doney, Scott C. and Glover, David M. and Najjar, Raymond G.},
  month = jan,
  year = {1996},
  pages = {591--624},
  file = {/Users/tylerrohr/Zotero/storage/43EEL7BS/0967064595001042.html}
}

@article{Faghmousdailyglobalmesoscale2015,
  title = {{A daily global mesoscale ocean eddy dataset from satellite altimetry}},
  volume = {2},
  doi = {10.1038/sdata.2015.28},
  language = {English (US)},
  journal = {Scientific data},
  author = {Faghmous, James H. and Frenger, Ivy and Yao, Yuanshun and Warmka, Robert and Lindell, Aron and Kumar, Vipin},
  month = jun,
  year = {2015},
  file = {/Users/tylerrohr/Zotero/storage/2KMBJD53/a-daily-global-mesoscale-ocean-eddy-dataset-from-satellite-altime.html},
  pmid = {26097744}
}

@article{Fashamnitrogenbasedmodelplankton1990,
  title = {A Nitrogen-Based Model of Plankton Dynamics in the Oceanic Mixed Layer},
  volume = {48},
  doi = {10.1357/002224090784984678},
  number = {3},
  journal = {Journal of Marine Research},
  author = {Fasham, M. J. R. and Ducklow, H. W. and McKelvie, S. M.},
  month = aug,
  year = {1990},
  pages = {591--639},
  file = {/Users/tylerrohr/Zotero/storage/INUYZB29/Fasham et al. - 1990 - A nitrogen-based model of plankton dynamics in the.pdf}
}

@article{FuEddyDynamicsSatellite2010,
  title = {Eddy {{Dynamics From Satellite Altimetry}}},
  volume = {23},
  issn = {10428275},
  doi = {10.5670/oceanog.2010.02},
  number = {4},
  journal = {Oceanography},
  author = {Fu, Lee-Lueng and Chelton, Dudley and Le Traon, Pierre-Yves and Morrow, Rosemary},
  month = dec,
  year = {2010},
  pages = {14--25}
}

@article{GaubeRegionalvariationsinfluence2014,
  title = {Regional Variations in the Influence of Mesoscale Eddies on Near-Surface Chlorophyll},
  volume = {119},
  doi = {10.1002/2014JC010111},
  journal = {Journal of Geophysical Research: Oceans},
  author = {Gaube, Peter and Mcgillicuddy, Dennis and B. Chelton, Dudley and J. Behrenfeld, Michael and G. Strutton, Peter},
  month = dec,
  year = {2014}
}

@article{Geiderdynamicregulatorymodel1998,
  title = {A Dynamic Regulatory Model of Phytoplanktonic Acclimation to Light, Nutrients, and Temperature},
  volume = {43},
  doi = {10.4319/lo.1998.43.4.0679},
  journal = {Limnology and Oceanography - LIMNOL OCEANOGR},
  author = {Geider, Richard and Macintyre, Hugh and Kana, Todd},
  month = jun,
  year = {1998},
  pages = {679--694}
}

@article{HollingCharacteristicsSimpleTypes1959,
  title = {Some {{Characteristics}} of {{Simple Types}} of {{Predation}} and {{Parasitism}}$<$a Href="\#fn01"$>$1$<$/A$>$},
  volume = {91},
  issn = {1918-3240, 0008-347X},
  doi = {10.4039/Ent91385-7},
  number = {7},
  journal = {The Canadian Entomologist},
  author = {Holling, C. S.},
  month = jul,
  year = {1959},
  pages = {385--398},
  file = {/Users/tylerrohr/Zotero/storage/ZEZBJY9Z/9E1E7D2CCC314766A424680444F4EA9F.html}
}

@incollection{LargeModelingParameterizingOcean1998,
  series = {NATO Science Series},
  title = {Modeling and {{Parameterizing}} the {{Ocean Planetary Boundary Layer}}},
  isbn = {978-0-7923-5229-7 978-94-011-5096-5},
  language = {en},
  booktitle = {Ocean {{Modeling}} and {{Parameterization}}},
  publisher = {{Springer, Dordrecht}},
  author = {Large, William G.},
  year = {1998},
  pages = {81--120},
  file = {/Users/tylerrohr/Zotero/storage/H7MZBYAK/978-94-011-5096-5_3.html},
  doi = {10.1007/978-94-011-5096-5_3}
}

@article{G.LargeOceanicverticalmixing1994,
  title = {Oceanic Vertical Mixing: {{A}} Review and a Model with a Nonlocal Boundary Layer Parameterization},
  volume = {32},
  shorttitle = {Oceanic Vertical Mixing},
  doi = {10.1029/94RG01872},
  journal = {Reviews of Geophysics},
  author = {G. Large, W and C. McWilliams, J and Doney, Scott},
  month = nov,
  year = {1994},
  pages = {363--403}
}

@article{LaufkotterDriversuncertaintiesfuture2015,
  title = {Drivers and Uncertainties of Future Global Marine Primary Production in Marine Ecosystem Models},
  volume = {12},
  issn = {1726-4189},
  doi = {10.5194/bg-12-6955-2015},
  number = {23},
  journal = {Biogeosciences},
  author = {Laufk{\"o}tter, C. and Vogt, M. and Gruber, N. and Aita-Noguchi, M. and Aumont, O. and Bopp, L. and Buitenhuis, E. and Doney, S. C. and Dunne, J. and Hashioka, T. and Hauck, J. and Hirata, T. and John, J. and Le Qu{\'e}r{\'e}, C. and Lima, I. D. and Nakano, H. and Seferian, R. and Totterdell, I. and Vichi, M. and V{\"o}lker, C.},
  month = dec,
  year = {2015},
  pages = {6955--6984},
  file = {/Users/tylerrohr/Zotero/storage/Y8TEGADE/Laufkötter et al. - 2015 - Drivers and uncertainties of future global marine .pdf}
}

@article{MartinIrondeficiencylimits1990,
  title = {Iron Deficiency Limits Phytoplankton Growth in {{Antarctic}} Waters},
  volume = {4},
  issn = {1944-9224},
  doi = {10.1029/GB004i001p00005},
  language = {en},
  number = {1},
  journal = {Global Biogeochemical Cycles},
  author = {Martin, John H. and Fitzwater, Steve E. and Gordon, R. Michael},
  month = mar,
  year = {1990},
  keywords = {4855 Phytoplankton,1204 Control surveys,4845 Nutrients and nutrient cycling,9310 Antarctica},
  pages = {5--12},
  file = {/Users/tylerrohr/Zotero/storage/2H2DTPP3/abstract.html}
}

@article{MooreSedimentarymineraldust2008,
  title = {Sedimentary and Mineral Dust Sources of Dissolved Iron to the World Ocean},
  volume = {5},
  issn = {1726-4189},
  doi = {10.5194/bg-5-631-2008},
  number = {3},
  journal = {Biogeosciences},
  author = {Moore, J. K. and Braucher, O.},
  month = may,
  year = {2008},
  pages = {631--656},
  file = {/Users/tylerrohr/Zotero/storage/U5TP29EN/Moore and Braucher - 2008 - Sedimentary and mineral dust sources of dissolved .pdf}
}

@article{Mooreintermediatecomplexitymarine2001,
  series = {The US JGOFS Synthesis and Modeling Project: Phase 1},
  title = {An Intermediate Complexity Marine Ecosystem Model for the Global Domain},
  volume = {49},
  issn = {0967-0645},
  doi = {10.1016/S0967-0645(01)00108-4},
  number = {1},
  journal = {Deep Sea Research Part II: Topical Studies in Oceanography},
  author = {Moore, J. Keith and Doney, Scott C. and Kleypas, Joanie A. and Glover, David M. and Fung, Inez Y.},
  month = jan,
  year = {2001},
  pages = {403--462},
  file = {/Users/tylerrohr/Zotero/storage/3H4JFA8X/S0967064501001084.html}
}

@article{MooreUpperoceanecosystem2004,
  title = {Upper Ocean Ecosystem Dynamics and Iron Cycling in a Global Three-Dimensional Model},
  volume = {18},
  issn = {1944-9224},
  doi = {10.1029/2004GB002220},
  language = {en},
  number = {4},
  journal = {Global Biogeochemical Cycles},
  author = {Moore, J. Keith and Doney, Scott C. and Lindsay, Keith},
  month = dec,
  year = {2004},
  keywords = {0315 Biosphere/atmosphere interactions,0322 Constituent sources and sinks,1610 Atmosphere,1615 Biogeochemical cycles; processes; and modeling,ecosystem model,iron cycle,nutrient limitation,phytoplankton community},
  pages = {GB4028},
  file = {/Users/tylerrohr/Zotero/storage/QFZ6Z4HB/Moore et al. - 2004 - Upper ocean ecosystem dynamics and iron cycling in.pdf;/Users/tylerrohr/Zotero/storage/G838WL4L/abstract.html}
}

@article{SchoemannPhaeocystisbloomsglobal2005,
  series = {Iron Resources and Oceanic Nutrients - Advancement of Global Environmental Simulations},
  title = {Phaeocystis Blooms in the Global Ocean and Their Controlling Mechanisms: A Review},
  volume = {53},
  issn = {1385-1101},
  shorttitle = {Phaeocystis Blooms in the Global Ocean and Their Controlling Mechanisms},
  doi = {10.1016/j.seares.2004.01.008},
  number = {1},
  journal = {Journal of Sea Research},
  author = {Schoemann, V{\'e}ronique and Becquevort, Sylvie and Stefels, Jacqueline and Rousseau, V{\'e}ronique and Lancelot, Christiane},
  month = jan,
  year = {2005},
  keywords = {Algal blooms,Biogeochemistry,Distribution records,Ecophysiology,Food webs},
  pages = {43--66},
  file = {/Users/tylerrohr/Zotero/storage/H9GC3PZ5/S1385110104000917.html}
}

@article{SmithBiogeochemicalclimatologiesRoss2003,
  series = {The US JGOFS Synthesis and Modeling Project: Phase II},
  title = {Biogeochemical Climatologies in the {{Ross Sea}}, {{Antarctica}}: Seasonal Patterns of Nutrients and Biomass},
  volume = {50},
  issn = {0967-0645},
  shorttitle = {Biogeochemical Climatologies in the {{Ross Sea}}, {{Antarctica}}},
  doi = {10.1016/j.dsr2.2003.07.010},
  number = {22},
  journal = {Deep Sea Research Part II: Topical Studies in Oceanography},
  author = {Smith, Walker O. and Dinniman, Michael S. and Klinck, John M. and Hofmann, Eileen},
  month = nov,
  year = {2003},
  pages = {3083--3101},
  file = {/Users/tylerrohr/Zotero/storage/2AZBMZJM/S0967064503001814.html}
}

@article{SmithPhytoplanktongrowthrates1999,
  title = {Phytoplankton Growth Rates in the {{Ross Sea}}, {{Antarctica}}, Determined by Independent Methods: Temporal Variations},
  volume = {21},
  issn = {0142-7873},
  shorttitle = {Phytoplankton Growth Rates in the {{Ross Sea}}, {{Antarctica}}, Determined by Independent Methods},
  doi = {10.1093/plankt/21.8.1519},
  number = {8},
  journal = {Journal of Plankton Research},
  author = {Smith, Walker O. and Nelson, David M. and Mathot, Sylvie},
  month = aug,
  year = {1999},
  pages = {1519--1536},
  file = {/Users/tylerrohr/Zotero/storage/X8NFIKU2/1999 - Phytoplankton growth rates in the Ross Sea, Antarc.pdf;/Users/tylerrohr/Zotero/storage/LMHG3CCL/1536493.html}
}

@article{SundaIronuptakegrowth1995,
  title = {Iron Uptake and Growth Limitation in Oceanic and Coastal Phytoplankton},
  volume = {50},
  issn = {03044203},
  doi = {10.1016/0304-4203(95)00035-P},
  language = {en},
  number = {1-4},
  journal = {Marine Chemistry},
  author = {Sunda, William G. and Huntsman, Susan A.},
  month = aug,
  year = {1995},
  pages = {189--206}
}

@article{vanderPloegOriginTheoryMineral1999,
  title = {On the {{Origin}} of the {{Theory}} of {{Mineral Nutrition}} of {{Plants}} and the {{Law}} of the {{Minimum}}},
  volume = {63},
  issn = {1435-0661},
  doi = {10.2136/sssaj1999.6351055x},
  language = {en},
  number = {5},
  author = {{van der Ploeg}, R. R. and Bohm, W. and Kirkham, M. B.},
  month = sep,
  year = {1999},
  pages = {1055--1062},
  file = {/Users/tylerrohr/Zotero/storage/9NA4IITA/1055.html}
}

@article{WangIncorporatingPhaeocystisSouthern2011,
  title = {Incorporating {{Phaeocystis}} into a {{Southern Ocean}} Ecosystem Model},
  volume = {116},
  issn = {2156-2202},
  doi = {10.1029/2009JC005817},
  language = {en},
  number = {C1},
  journal = {Journal of Geophysical Research: Oceans},
  author = {Wang, Shanlin and Moore, J. Keith},
  month = jan,
  year = {2011},
  keywords = {0414 Biogeochemical cycles; processes; and modeling,0428 Carbon cycling,0466 Modeling,4805 Biogeochemical cycles; processes; and modeling,4815 Ecosystems; structure; dynamics; and modeling,diatom,ecosystem dynamics,Phaeocystis antarctica},
  pages = {C01019},
  file = {/Users/tylerrohr/Zotero/storage/U4TCCVD9/Wang and Moore - 2011 - Incorporating Phaeocystis into a Southern Ocean ec.pdf;/Users/tylerrohr/Zotero/storage/H4CLP6JJ/abstract.html}
}

@article{WeijerSouthernOceanIts2011,
  title = {The {{Southern Ocean}} and {{Its Climate}} in {{CCSM4}}},
  volume = {25},
  issn = {0894-8755},
  doi = {10.1175/JCLI-D-11-00302.1},
  number = {8},
  journal = {Journal of Climate},
  author = {Weijer, Wilbert and Sloyan, Bernadette M. and Maltrud, Mathew E. and Jeffery, Nicole and Hecht, Matthew W. and Hartin, Corinne A. and {van Sebille}, Erik and Wainer, Ilana and Landrum, Laura},
  month = nov,
  year = {2011},
  pages = {2652--2675},
  file = {/Users/tylerrohr/Zotero/storage/SKPZQB2F/Weijer et al. - 2011 - The Southern Ocean and Its Climate in CCSM4.pdf;/Users/tylerrohr/Zotero/storage/NMBAUFRF/JCLI-D-11-00302.html}
}

@misc{HunkeCICEAlamosSea2008,
  title = {{{CICE}}: {{The Los Alamos Sea Ice Model}}. {{Documentation}} and {{Software User}}'s {{Manual}}. {{Version}} 4.0.},
  publisher = {{Los Alamos National Laboratory, Tech. Rep. LA-CC-06-012.}},
  author = {Hunke, E. C. and Lipscomb, W. H.},
  year = {2008}
}


