
@article{HurrellCommunityEarthSystem2013,
  title = {The {{Community Earth System Model}}: {{A Framework}} for {{Collaborative Research}}},
  volume = {94},
  issn = {0003-0007},
  shorttitle = {The {{Community Earth System Model}}},
  doi = {10.1175/BAMS-D-12-00121.1},
  number = {9},
  journal = {Bulletin of the American Meteorological Society},
  author = {Hurrell, James W. and Holland, M. M. and Gent, P. R. and Ghan, S. and Kay, Jennifer E. and Kushner, P. J. and Lamarque, J.-F. and Large, W. G. and Lawrence, D. and Lindsay, K. and Lipscomb, W. H. and Long, M. C. and Mahowald, N. and Marsh, D. R. and Neale, R. B. and Rasch, P. and Vavrus, S. and Vertenstein, M. and Bader, D. and Collins, W. D. and Hack, J. J. and Kiehl, J. and Marshall, S.},
  month = feb,
  year = {2013},
  pages = {1339--1360},
  file = {/Users/tylerrohr/Zotero/storage/S7HC2J7I/Hurrell et al. - 2013 - The Community Earth System Model A Framework for .pdf;/Users/tylerrohr/Zotero/storage/G3S8JU6Z/BAMS-D-12-00121.html}
}

@article{MooreMarineEcosystemDynamics2013,
  title = {Marine {{Ecosystem Dynamics}} and {{Biogeochemical Cycling}} in the {{Community Earth System Model}} [{{CESM1}}({{BGC}})]: {{Comparison}} of the 1990s with the 2090s under the {{RCP4}}.5 and {{RCP8}}.5 {{Scenarios}}},
  volume = {26},
  issn = {0894-8755},
  shorttitle = {Marine {{Ecosystem Dynamics}} and {{Biogeochemical Cycling}} in the {{Community Earth System Model}} [{{CESM1}}({{BGC}})]},
  doi = {10.1175/JCLI-D-12-00566.1},
  number = {23},
  journal = {Journal of Climate},
  author = {Moore, J. Keith and Lindsay, Keith and Doney, Scott C. and Long, Matthew C. and Misumi, Kazuhiro},
  month = aug,
  year = {2013},
  pages = {9291--9312},
  file = {/Users/tylerrohr/Zotero/storage/LXTHDU87/Moore et al. - 2013 - Marine Ecosystem Dynamics and Biogeochemical Cycli.pdf;/Users/tylerrohr/Zotero/storage/QEKY3MHJ/JCLI-D-12-00566.html}
}

@article{Boydbiogeochemicalcycleiron2010,
  title = {The Biogeochemical Cycle of Iron in the Ocean},
  volume = {3},
  copyright = {2010 Nature Publishing Group},
  issn = {1752-0908},
  doi = {10.1038/ngeo964},
  language = {En},
  number = {10},
  journal = {Nature Geoscience},
  author = {Boyd, P. W. and Ellwood, M. J.},
  month = oct,
  year = {2010},
  pages = {675},
  file = {/Users/tylerrohr/Zotero/storage/9HBQLFGR/ngeo964.html}
}

@article{Cheltoninfluencenonlinearmesoscale2011,
  title = {The Influence of Nonlinear Mesoscale Eddies on Near-Surface Oceanic Chlorophyll},
  volume = {334},
  issn = {1095-9203},
  doi = {10.1126/science.1208897},
  language = {eng},
  number = {6054},
  journal = {Science (New York, N.Y.)},
  author = {Chelton, Dudley B. and Gaube, Peter and Schlax, Michael G. and Early, Jeffrey J. and Samelson, Roger M.},
  month = oct,
  year = {2011},
  pages = {328--332},
  pmid = {21921157}
}

@article{CheltonGlobalobservationslarge2007,
  title = {Global Observations of Large Oceanic Eddies},
  volume = {34},
  issn = {1944-8007},
  doi = {10.1029/2007GL030812},
  language = {en},
  number = {15},
  journal = {Geophysical Research Letters},
  author = {Chelton, Dudley B. and Schlax, Michael G. and Samelson, Roger M. and {de Szoeke}, Roland A.},
  month = aug,
  year = {2007},
  keywords = {4275 Remote sensing and electromagnetic processes,4520 Eddies and mesoscale processes,4556 Sea level: variations and mean,altimeter or altimetry,eddies,Rossby waves,sea surface height},
  pages = {L15606},
  file = {/Users/tylerrohr/Zotero/storage/XMRVPEMN/Chelton et al. - 2007 - Global observations of large oceanic eddies.pdf;/Users/tylerrohr/Zotero/storage/7DEY8XD2/abstract.html}
}

@article{BaarImportanceironplankton1995,
  title = {Importance of Iron for Plankton Blooms and Carbon Dioxide Drawdown in the {{Southern Ocean}}},
  volume = {373},
  journal = {Nature},
  author = {de Baar, H. J. W. and de Jong, J. T. M. and Bakker, D. C. E. and L{\"o}scher, B. M. and Veth, C. and Bathmann, Ulrich and Smetacek, Victor},
  year = {1995},
  pages = {412--415},
  file = {/Users/tylerrohr/Zotero/storage/9JJUCGAT/156.html}
}

@article{deBaarSynthesisironfertilization2005,
  title = {Synthesis of Iron Fertilization Experiments: {{From}} the {{Iron Age}} in the {{Age}} of {{Enlightenment}}},
  volume = {110},
  issn = {2156-2202},
  shorttitle = {Synthesis of Iron Fertilization Experiments},
  doi = {10.1029/2004JC002601},
  language = {en},
  number = {C9},
  journal = {Journal of Geophysical Research: Oceans},
  author = {{de Baar}, Hein J. W. and Boyd, Philip W. and Coale, Kenneth H. and Landry, Michael R. and Tsuda, Atsushi and Assmy, Philipp and Bakker, Dorothee C. E. and Bozec, Yann and Barber, Richard T. and Brzezinski, Mark A. and Buesseler, Ken O. and Boy{\'e}, Marie and Croot, Peter L. and Gervais, Frank and Gorbunov, Maxim Y. and Harrison, Paul J. and Hiscock, William T. and Laan, Patrick and Lancelot, Christiane and Law, Cliff S. and Levasseur, Maurice and Marchetti, Adrian and Millero, Frank J. and Nishioka, Jun and Nojiri, Yukihiro and {van Oijen}, Tim and Riebesell, Ulf and Rijkenberg, Micha J. A. and Saito, Hiroaki and Takeda, Shigenobu and Timmermans, Klaas R. and Veldhuis, Marcel J. W. and Waite, Anya M. and Wong, Chi-Shing},
  month = sep,
  year = {2005},
  keywords = {4806 Carbon cycling,4807 Chemical speciation and complexation,4853 Photosynthesis,4855 Phytoplankton,4875 Trace elements,fertilization,iron,phytoplankton},
  pages = {C09S16},
  file = {/Users/tylerrohr/Zotero/storage/378MQLFQ/de Baar et al. - 2005 - Synthesis of iron fertilization experiments From .pdf;/Users/tylerrohr/Zotero/storage/EMQ2VGP5/abstract.html}
}

@article{Doneynewcoupledonedimensional1996,
  title = {A New Coupled, One-Dimensional Biological-Physical Model for the Upper Ocean: {{Applications}} to the {{JGOFS Bermuda Atlantic Time}}-Series {{Study}} ({{BATS}}) Site},
  volume = {43},
  issn = {0967-0645},
  shorttitle = {A New Coupled, One-Dimensional Biological-Physical Model for the Upper Ocean},
  doi = {10.1016/0967-0645(95)00104-2},
  number = {2},
  journal = {Deep Sea Research Part II: Topical Studies in Oceanography},
  author = {Doney, Scott C. and Glover, David M. and Najjar, Raymond G.},
  month = jan,
  year = {1996},
  pages = {591--624},
  file = {/Users/tylerrohr/Zotero/storage/43EEL7BS/0967064595001042.html}
}

@article{Faghmousdailyglobalmesoscale2015,
  title = {{A daily global mesoscale ocean eddy dataset from satellite altimetry}},
  volume = {2},
  doi = {10.1038/sdata.2015.28},
  language = {English (US)},
  journal = {Scientific data},
  author = {Faghmous, James H. and Frenger, Ivy and Yao, Yuanshun and Warmka, Robert and Lindell, Aron and Kumar, Vipin},
  month = jun,
  year = {2015},
  file = {/Users/tylerrohr/Zotero/storage/2KMBJD53/a-daily-global-mesoscale-ocean-eddy-dataset-from-satellite-altime.html},
  pmid = {26097744}
}

@article{Fashamnitrogenbasedmodelplankton1990,
  title = {A Nitrogen-Based Model of Plankton Dynamics in the Oceanic Mixed Layer},
  volume = {48},
  doi = {10.1357/002224090784984678},
  number = {3},
  journal = {Journal of Marine Research},
  author = {Fasham, M. J. R. and Ducklow, H. W. and McKelvie, S. M.},
  month = aug,
  year = {1990},
  pages = {591--639},
  file = {/Users/tylerrohr/Zotero/storage/INUYZB29/Fasham et al. - 1990 - A nitrogen-based model of plankton dynamics in the.pdf}
}

@article{FuEddyDynamicsSatellite2010,
  title = {Eddy {{Dynamics From Satellite Altimetry}}},
  volume = {23},
  issn = {10428275},
  doi = {10.5670/oceanog.2010.02},
  number = {4},
  journal = {Oceanography},
  author = {Fu, Lee-Lueng and Chelton, Dudley and Le Traon, Pierre-Yves and Morrow, Rosemary},
  month = dec,
  year = {2010},
  pages = {14--25}
}

@article{GaubeRegionalvariationsinfluence2014,
  title = {Regional Variations in the Influence of Mesoscale Eddies on Near-Surface Chlorophyll},
  volume = {119},
  doi = {10.1002/2014JC010111},
  journal = {Journal of Geophysical Research: Oceans},
  author = {Gaube, Peter and Mcgillicuddy, Dennis and B. Chelton, Dudley and J. Behrenfeld, Michael and G. Strutton, Peter},
  month = dec,
  year = {2014}
}

@article{Geiderdynamicregulatorymodel1998,
  title = {A Dynamic Regulatory Model of Phytoplanktonic Acclimation to Light, Nutrients, and Temperature},
  volume = {43},
  doi = {10.4319/lo.1998.43.4.0679},
  journal = {Limnology and Oceanography - LIMNOL OCEANOGR},
  author = {Geider, Richard and Macintyre, Hugh and Kana, Todd},
  month = jun,
  year = {1998},
  pages = {679--694}
}

@article{HollingCharacteristicsSimpleTypes1959,
  title = {Some {{Characteristics}} of {{Simple Types}} of {{Predation}} and {{Parasitism}}$<$a Href="\#fn01"$>$1$<$/A$>$},
  volume = {91},
  issn = {1918-3240, 0008-347X},
  doi = {10.4039/Ent91385-7},
  number = {7},
  journal = {The Canadian Entomologist},
  author = {Holling, C. S.},
  month = jul,
  year = {1959},
  pages = {385--398},
  file = {/Users/tylerrohr/Zotero/storage/ZEZBJY9Z/9E1E7D2CCC314766A424680444F4EA9F.html}
}

@incollection{LargeModelingParameterizingOcean1998,
  series = {NATO Science Series},
  title = {Modeling and {{Parameterizing}} the {{Ocean Planetary Boundary Layer}}},
  isbn = {978-0-7923-5229-7 978-94-011-5096-5},
  language = {en},
  booktitle = {Ocean {{Modeling}} and {{Parameterization}}},
  publisher = {{Springer, Dordrecht}},
  author = {Large, William G.},
  year = {1998},
  pages = {81--120},
  file = {/Users/tylerrohr/Zotero/storage/H7MZBYAK/978-94-011-5096-5_3.html},
  doi = {10.1007/978-94-011-5096-5_3}
}

@article{LaufkotterDriversuncertaintiesfuture2015,
  title = {Drivers and Uncertainties of Future Global Marine Primary Production in Marine Ecosystem Models},
  volume = {12},
  issn = {1726-4189},
  doi = {10.5194/bg-12-6955-2015},
  number = {23},
  journal = {Biogeosciences},
  author = {Laufk{\"o}tter, C. and Vogt, M. and Gruber, N. and Aita-Noguchi, M. and Aumont, O. and Bopp, L. and Buitenhuis, E. and Doney, S. C. and Dunne, J. and Hashioka, T. and Hauck, J. and Hirata, T. and John, J. and Le Qu{\'e}r{\'e}, C. and Lima, I. D. and Nakano, H. and Seferian, R. and Totterdell, I. and Vichi, M. and V{\"o}lker, C.},
  month = dec,
  year = {2015},
  pages = {6955--6984},
  file = {/Users/tylerrohr/Zotero/storage/Y8TEGADE/Laufkötter et al. - 2015 - Drivers and uncertainties of future global marine .pdf}
}

@article{MartinIrondeficiencylimits1990,
  title = {Iron Deficiency Limits Phytoplankton Growth in {{Antarctic}} Waters},
  volume = {4},
  issn = {1944-9224},
  doi = {10.1029/GB004i001p00005},
  language = {en},
  number = {1},
  journal = {Global Biogeochemical Cycles},
  author = {Martin, John H. and Fitzwater, Steve E. and Gordon, R. Michael},
  month = mar,
  year = {1990},
  keywords = {4855 Phytoplankton,1204 Control surveys,4845 Nutrients and nutrient cycling,9310 Antarctica},
  pages = {5--12},
  file = {/Users/tylerrohr/Zotero/storage/2H2DTPP3/abstract.html}
}

@article{MooreSedimentarymineraldust2008,
  title = {Sedimentary and Mineral Dust Sources of Dissolved Iron to the World Ocean},
  volume = {5},
  issn = {1726-4189},
  doi = {10.5194/bg-5-631-2008},
  number = {3},
  journal = {Biogeosciences},
  author = {Moore, J. K. and Braucher, O.},
  month = may,
  year = {2008},
  pages = {631--656},
  file = {/Users/tylerrohr/Zotero/storage/U5TP29EN/Moore and Braucher - 2008 - Sedimentary and mineral dust sources of dissolved .pdf}
}

@article{Mooreintermediatecomplexitymarine2001,
  series = {The US JGOFS Synthesis and Modeling Project: Phase 1},
  title = {An Intermediate Complexity Marine Ecosystem Model for the Global Domain},
  volume = {49},
  issn = {0967-0645},
  doi = {10.1016/S0967-0645(01)00108-4},
  number = {1},
  journal = {Deep Sea Research Part II: Topical Studies in Oceanography},
  author = {Moore, J. Keith and Doney, Scott C. and Kleypas, Joanie A. and Glover, David M. and Fung, Inez Y.},
  month = jan,
  year = {2001},
  pages = {403--462},
  file = {/Users/tylerrohr/Zotero/storage/3H4JFA8X/S0967064501001084.html}
}

@article{MooreUpperoceanecosystem2004,
  title = {Upper Ocean Ecosystem Dynamics and Iron Cycling in a Global Three-Dimensional Model},
  volume = {18},
  issn = {1944-9224},
  doi = {10.1029/2004GB002220},
  language = {en},
  number = {4},
  journal = {Global Biogeochemical Cycles},
  author = {Moore, J. Keith and Doney, Scott C. and Lindsay, Keith},
  month = dec,
  year = {2004},
  keywords = {0315 Biosphere/atmosphere interactions,0322 Constituent sources and sinks,1610 Atmosphere,1615 Biogeochemical cycles; processes; and modeling,ecosystem model,iron cycle,nutrient limitation,phytoplankton community},
  pages = {GB4028},
  file = {/Users/tylerrohr/Zotero/storage/QFZ6Z4HB/Moore et al. - 2004 - Upper ocean ecosystem dynamics and iron cycling in.pdf;/Users/tylerrohr/Zotero/storage/G838WL4L/abstract.html}
}

@article{SchoemannPhaeocystisbloomsglobal2005,
  series = {Iron Resources and Oceanic Nutrients - Advancement of Global Environmental Simulations},
  title = {Phaeocystis Blooms in the Global Ocean and Their Controlling Mechanisms: A Review},
  volume = {53},
  issn = {1385-1101},
  shorttitle = {Phaeocystis Blooms in the Global Ocean and Their Controlling Mechanisms},
  doi = {10.1016/j.seares.2004.01.008},
  number = {1},
  journal = {Journal of Sea Research},
  author = {Schoemann, V{\'e}ronique and Becquevort, Sylvie and Stefels, Jacqueline and Rousseau, V{\'e}ronique and Lancelot, Christiane},
  month = jan,
  year = {2005},
  keywords = {Algal blooms,Biogeochemistry,Distribution records,Ecophysiology,Food webs},
  pages = {43--66},
  file = {/Users/tylerrohr/Zotero/storage/H9GC3PZ5/S1385110104000917.html}
}

@article{SmithBiogeochemicalclimatologiesRoss2003,
  series = {The US JGOFS Synthesis and Modeling Project: Phase II},
  title = {Biogeochemical Climatologies in the {{Ross Sea}}, {{Antarctica}}: Seasonal Patterns of Nutrients and Biomass},
  volume = {50},
  issn = {0967-0645},
  shorttitle = {Biogeochemical Climatologies in the {{Ross Sea}}, {{Antarctica}}},
  doi = {10.1016/j.dsr2.2003.07.010},
  number = {22},
  journal = {Deep Sea Research Part II: Topical Studies in Oceanography},
  author = {Smith, Walker O. and Dinniman, Michael S. and Klinck, John M. and Hofmann, Eileen},
  month = nov,
  year = {2003},
  pages = {3083--3101},
  file = {/Users/tylerrohr/Zotero/storage/2AZBMZJM/S0967064503001814.html}
}

@article{SmithPhytoplanktongrowthrates1999,
  title = {Phytoplankton Growth Rates in the {{Ross Sea}}, {{Antarctica}}, Determined by Independent Methods: Temporal Variations},
  volume = {21},
  issn = {0142-7873},
  shorttitle = {Phytoplankton Growth Rates in the {{Ross Sea}}, {{Antarctica}}, Determined by Independent Methods},
  doi = {10.1093/plankt/21.8.1519},
  number = {8},
  journal = {Journal of Plankton Research},
  author = {Smith, Walker O. and Nelson, David M. and Mathot, Sylvie},
  month = aug,
  year = {1999},
  pages = {1519--1536},
  file = {/Users/tylerrohr/Zotero/storage/X8NFIKU2/1999 - Phytoplankton growth rates in the Ross Sea, Antarc.pdf;/Users/tylerrohr/Zotero/storage/LMHG3CCL/1536493.html}
}

@article{SundaIronuptakegrowth1995,
  title = {Iron Uptake and Growth Limitation in Oceanic and Coastal Phytoplankton},
  volume = {50},
  issn = {03044203},
  doi = {10.1016/0304-4203(95)00035-P},
  language = {en},
  number = {1-4},
  journal = {Marine Chemistry},
  author = {Sunda, William G. and Huntsman, Susan A.},
  month = aug,
  year = {1995},
  pages = {189--206}
}

@article{vanderPloegOriginTheoryMineral1999,
  title = {On the {{Origin}} of the {{Theory}} of {{Mineral Nutrition}} of {{Plants}} and the {{Law}} of the {{Minimum}}},
  volume = {63},
  issn = {1435-0661},
  doi = {10.2136/sssaj1999.6351055x},
  language = {en},
  number = {5},
  author = {{van der Ploeg}, R. R. and Bohm, W. and Kirkham, M. B.},
  month = sep,
  year = {1999},
  pages = {1055--1062},
  file = {/Users/tylerrohr/Zotero/storage/9NA4IITA/1055.html}
}

@article{WeijerSouthernOceanIts2011,
  title = {The {{Southern Ocean}} and {{Its Climate}} in {{CCSM4}}},
  volume = {25},
  issn = {0894-8755},
  doi = {10.1175/JCLI-D-11-00302.1},
  number = {8},
  journal = {Journal of Climate},
  author = {Weijer, Wilbert and Sloyan, Bernadette M. and Maltrud, Mathew E. and Jeffery, Nicole and Hecht, Matthew W. and Hartin, Corinne A. and {van Sebille}, Erik and Wainer, Ilana and Landrum, Laura},
  month = nov,
  year = {2011},
  pages = {2652--2675},
  file = {/Users/tylerrohr/Zotero/storage/SKPZQB2F/Weijer et al. - 2011 - The Southern Ocean and Its Climate in CCSM4.pdf;/Users/tylerrohr/Zotero/storage/NMBAUFRF/JCLI-D-11-00302.html}
}

@misc{HunkeCICEAlamosSea2008,
  title = {{{CICE}}: {{The Los Alamos Sea Ice Model}}. {{Documentation}} and {{Software User}}'s {{Manual}}. {{Version}} 4.0.},
  publisher = {{Los Alamos National Laboratory, Tech. Rep. LA-CC-06-012.}},
  author = {Hunke, E. C. and Lipscomb, W. H.},
  year = {2008}
}

@article{DoneySkillmetricsconfronting2009g,
  series = {Skill assessment for coupled biological/physical models of marine systems},
  title = {Skill Metrics for Confronting Global Upper Ocean Ecosystem-Biogeochemistry Models against Field and Remote Sensing Data},
  volume = {76},
  issn = {0924-7963},
  doi = {10.1016/j.jmarsys.2008.05.015},
  number = {1},
  journal = {Journal of Marine Systems},
  author = {Doney, Scott C. and Lima, Ivan and Moore, J. Keith and Lindsay, Keith and Behrenfeld, Michael J. and Westberry, Toby K. and Mahowald, Natalie and Glover, David M. and Takahashi, Taro},
  month = feb,
  year = {2009},
  keywords = {Biogeochemistry,Evaluation,Marine ecology,Modeling,Skill},
  pages = {95--112},
  file = {/Users/tylerrohr/Zotero/storage/ZDFWSCJZ/S0924796308001164.html}
}

@article{MooreIroncyclingnutrientlimitation2001,
  series = {The US JGOFS Synthesis and Modeling Project: Phase 1},
  title = {Iron Cycling and Nutrient-Limitation Patterns in Surface Waters of the {{World Ocean}}},
  volume = {49},
  issn = {0967-0645},
  doi = {10.1016/S0967-0645(01)00109-6},
  number = {1},
  journal = {Deep Sea Research Part II: Topical Studies in Oceanography},
  author = {Moore, J. Keith and Doney, Scott C and Glover, David M and Fung, Inez Y},
  month = jan,
  year = {2001},
  pages = {463--507},
  file = {/Users/tylerrohr/Zotero/storage/5SV5LVXV/S0967064501001096.html}
}

@article{LimaDynamicsparticulateorganic2014,
  title = {Dynamics of Particulate Organic Carbon Flux in a Global Ocean Model},
  volume = {11},
  issn = {1726-4189},
  doi = {10.5194/bg-11-1177-2014},
  number = {4},
  journal = {Biogeosciences},
  author = {Lima, I. D. and Lam, P. J. and Doney, S. C.},
  month = feb,
  year = {2014},
  pages = {1177--1198},
  file = {/Users/tylerrohr/Zotero/storage/LV984MH9/Lima et al. - 2014 - Dynamics of particulate organic carbon flux in a g.pdf}
}

@article{LongTwentiethCenturyOceanicCarbon2013,
  title = {Twentieth-{{Century Oceanic Carbon Uptake}} and {{Storage}} in {{CESM1}}({{BGC}})},
  volume = {26},
  issn = {0894-8755},
  doi = {10.1175/JCLI-D-12-00184.1},
  number = {18},
  journal = {Journal of Climate},
  author = {Long, Matthew C. and Lindsay, Keith and Peacock, Synte and Moore, J. Keith and Doney, Scott C.},
  month = apr,
  year = {2013},
  pages = {6775--6800},
  file = {/Users/tylerrohr/Zotero/storage/R3JFZSA9/Long et al. - 2013 - Twentieth-Century Oceanic Carbon Uptake and Storag.pdf;/Users/tylerrohr/Zotero/storage/VXZXNAKP/JCLI-D-12-00184.html}
}

@article{KayCommunityEarthSystem2014,
  title = {The {{Community Earth System Model}} ({{CESM}}) {{Large Ensemble Project}}: {{A Community Resource}} for {{Studying Climate Change}} in the {{Presence}} of {{Internal Climate Variability}}},
  volume = {96},
  issn = {0003-0007},
  shorttitle = {The {{Community Earth System Model}} ({{CESM}}) {{Large Ensemble Project}}},
  doi = {10.1175/BAMS-D-13-00255.1},
  number = {8},
  journal = {Bulletin of the American Meteorological Society},
  author = {Kay, J. E. and Deser, C. and Phillips, A. and Mai, A. and Hannay, C. and Strand, G. and Arblaster, J. M. and Bates, S. C. and Danabasoglu, G. and Edwards, J. and Holland, M. and Kushner, P. and Lamarque, J.-F. and Lawrence, D. and Lindsay, K. and Middleton, A. and Munoz, E. and Neale, R. and Oleson, K. and Polvani, L. and Vertenstein, M.},
  month = nov,
  year = {2014},
  pages = {1333--1349},
  file = {/Users/tylerrohr/Zotero/storage/855P8IW9/Kay et al. - 2014 - The Community Earth System Model (CESM) Large Ense.pdf;/Users/tylerrohr/Zotero/storage/SSAZUB38/BAMS-D-13-00255.html}
}

@article{MarinovImpactoceaniccirculation2008,
  title = {Impact of Oceanic Circulation on Biological Carbon Storage in the Ocean and Atmospheric {{pCO2}}},
  doi = {10.1029/2007GB002958},
  language = {en\_US},
  author = {Marinov, Irina and Gnanadesikan, Anand and Sarmiento, Jorge L. and Toggweiler, J. R. and Follows, Michael J. and Mignone, B. K.},
  month = jul,
  year = {2008},
  file = {/Users/tylerrohr/Zotero/storage/65EGFKBM/Marinov et al. - 2008 - Impact of oceanic circulation on biological carbon.pdf;/Users/tylerrohr/Zotero/storage/CFMRQMS9/3407.html}
}

@article{R.ArrigoSeculartrendsArctic2011,
  title = {Secular Trends in {{Arctic Ocean}} Net Primary Production},
  volume = {116},
  doi = {10.1029/2011JC007151},
  journal = {Journal of Geophysical Research (Oceans)},
  author = {R. Arrigo, Kevin and {van Dijken}, Gert},
  month = sep,
  year = {2011}
}

@article{BehrenfeldCarbonbasedoceanproductivity2005,
  title = {Carbon-Based Ocean Productivity and Phytoplankton Physiology from Space},
  volume = {19},
  issn = {0886-6236},
  doi = {10.1029/2004GB002299},
  journal = {Global Biogeochemical Cycles},
  author = {Behrenfeld, Michael J. and Boss, Emmanuel and Siegel, David A. and Shea, Donald M.},
  month = mar,
  year = {2005},
  keywords = {phytoplankton,carbon,growth rates,Oceanography: Biological and Chemical: Carbon cycling (0428),Oceanography: Biological and Chemical: Photosynthesis,Oceanography: Biological and Chemical: Phytoplankton,Oceanography: Biological and Chemical: Zooplankton,productivity,remote sensing},
  pages = {GB1006}
}

@article{BehrenfeldAbandoningSverdrupCritical2010,
  title = {Abandoning {{Sverdrup}}'s {{Critical Depth Hypothesis}} on Phytoplankton Blooms},
  volume = {91},
  issn = {1939-9170},
  doi = {10.1890/09-1207.1},
  language = {en},
  number = {4},
  journal = {Ecology},
  author = {Behrenfeld, Michael J.},
  month = apr,
  year = {2010},
  keywords = {growth rates,remote sensing,Critical Depth Hypothesis,grazing,North Atlantic,phytoplankton blooms},
  pages = {977--989},
  file = {/Users/tylerrohr/Zotero/storage/SSVJYCJ9/abstract.html}
}

@article{BehrenfeldAnnualcyclesecological2013,
  title = {Annual Cycles of Ecological Disturbance and Recovery Underlying the Subarctic {{Atlantic}} Spring Plankton Bloom},
  doi = {10.1002/gbc.20050},
  language = {en\_US},
  author = {Behrenfeld, Michael J. and Doney, Scott C. and Lima, Ivan D. and Boss, Emmanuel S. and Siegel, David A.},
  month = jun,
  year = {2013},
  file = {/Users/tylerrohr/Zotero/storage/6LEDMZQH/Behrenfeld et al. - 2013 - Annual cycles of ecological disturbance and recove.pdf;/Users/tylerrohr/Zotero/storage/V33W4TDG/6250.html}
}

@article{BossObservationspigmentparticle2008,
  title = {Observations of Pigment and Particle Distributions in the Western {{North Atlantic}} from an Autonomous Float and Ocean Color Satellite},
  volume = {53},
  issn = {1939-5590},
  doi = {10.4319/lo.2008.53.5_part_2.2112},
  language = {en},
  number = {5part2},
  journal = {Limnology and Oceanography},
  author = {Boss, E. and Swift, D. and Taylor, L. and Brickley, P. and Zaneveld, R. and Riser, S. and Perry, M. J. and Strutton, P. G.},
  month = sep,
  year = {2008},
  pages = {2112--2122},
  file = {/Users/tylerrohr/Zotero/storage/6SKQ8RQH/Boss et al. - 2008 - Observations of pigment and particle distributions.pdf;/Users/tylerrohr/Zotero/storage/CXY9P447/abstract.html}
}

@article{Bosssituevaluationinitiation2010,
  title = {In Situ Evaluation of the Initiation of the {{North Atlantic}} Phytoplankton Bloom},
  volume = {37},
  issn = {1944-8007},
  doi = {10.1029/2010GL044174},
  language = {en},
  number = {18},
  journal = {Geophysical Research Letters},
  author = {Boss, E. and Behrenfeld, M.},
  month = sep,
  year = {2010},
  keywords = {4855 Phytoplankton,phytoplankton,4805 Biogeochemical cycles; processes; and modeling,4815 Ecosystems; structure; dynamics; and modeling,4858 Population dynamics and ecology,ocean,spring bloom},
  pages = {L18603},
  file = {/Users/tylerrohr/Zotero/storage/E5DRNB2N/Boss and Behrenfeld - 2010 - In situ evaluation of the initiation of the North .pdf;/Users/tylerrohr/Zotero/storage/6I5VWRHW/abstract.html}
}

@article{BoydEnvironmentalFactorsControlling2002,
  title = {Environmental {{Factors Controlling Phytoplankton Processes}} in the {{Southern Ocean1}}},
  volume = {38},
  issn = {1529-8817},
  doi = {10.1046/j.1529-8817.2002.t01-1-01203.x},
  language = {en},
  number = {5},
  journal = {Journal of Phycology},
  author = {Boyd, Philip W.},
  month = oct,
  year = {2002},
  keywords = {phytoplankton,Antarctic,environmental control,irradiance,nutrients,trace metals},
  pages = {844--861},
  file = {/Users/tylerrohr/Zotero/storage/5ZGHZSZZ/abstract.html}
}

@article{BoydControlphytoplanktongrowth2001,
  title = {Control of Phytoplankton Growth by Iron Supply and Irradiance in the Subantarctic {{Southern Ocean}}: {{Experimental}} Results from the {{SAZ Project}}},
  volume = {106},
  issn = {2156-2202},
  shorttitle = {Control of Phytoplankton Growth by Iron Supply and Irradiance in the Subantarctic {{Southern Ocean}}},
  doi = {10.1029/2000JC000348},
  language = {en},
  number = {C12},
  journal = {Journal of Geophysical Research: Oceans},
  author = {Boyd, P. W. and Crossley, A. C. and DiTullio, G. R. and Griffiths, F. B. and Hutchins, D. A. and Queguiner, B. and Sedwick, P. N. and Trull, T. W.},
  month = dec,
  year = {2001},
  keywords = {4855 Phytoplankton,4875 Trace elements,4815 Ecosystems; structure; dynamics; and modeling,4805 Oceanography: Biological and Chemical: Biogeochemical cycles,4890 Zooplankton},
  pages = {31573--31583},
  file = {/Users/tylerrohr/Zotero/storage/UVQPNHQ2/Boyd et al. - 2001 - Control of phytoplankton growth by iron supply and.pdf;/Users/tylerrohr/Zotero/storage/4UJNCX78/abstract.html}
}

@article{BoydMappingphytoplanktoniron2012,
  title = {Mapping Phytoplankton Iron Utilization: {{Insights}} into {{Southern Ocean}} Supply Mechanisms},
  volume = {117},
  shorttitle = {Mapping Phytoplankton Iron Utilization},
  doi = {10.1029/2011JC007726},
  journal = {Journal of Geophysical Research (Oceans)},
  author = {Boyd, P. W. and Arrigo, K. R. and Strzepek, R. and {van Dijken}, G. L.},
  month = jun,
  year = {2012},
  keywords = {Oceanography: Biological and Chemical: Phytoplankton,remote sensing,0414,0793,1615,4912),9315),and modeling (0412,iron biogeochemistry,Oceanography: Biological and Chemical: Biogeochemical cycles,Oceanography: Biological and Chemical: Trace elements (0489),Oceanography: General: Arctic and Antarctic oceanography (9310,processes,Southern Ocean},
  pages = {C06009}
}

@article{CarranzaSouthernOceanwinddriven2015,
  title = {Southern {{Ocean}} Wind-Driven Entrainment Enhances Satellite Chlorophyll-a through the Summer},
  volume = {120},
  issn = {2169-9291},
  doi = {10.1002/2014JC010203},
  language = {en},
  number = {1},
  journal = {Journal of Geophysical Research: Oceans},
  author = {Carranza, Magdalena M. and Gille, Sarah T.},
  month = jan,
  year = {2015},
  keywords = {4855 Phytoplankton,4845 Nutrients and nutrient cycling,Southern Ocean,4262 Ocean observing systems,4273 Physical and biogeochemical interactions,4572 Upper ocean and mixed layer processes,atmospheric forcing,Ekman pumping,mixed-layer depth dynamics,summer phytoplankton blooms,wind-driven entrainment},
  pages = {304--323},
  file = {/Users/tylerrohr/Zotero/storage/I3CLG8KX/Carranza and Gille - 2015 - Southern Ocean wind-driven entrainment enhances sa.pdf;/Users/tylerrohr/Zotero/storage/8I2WSTIQ/abstract.html}
}

@article{ChisholmOceanographyStirringtimes2000,
  title = {Oceanography: {{Stirring}} Times in the {{Southern Ocean}}},
  volume = {407},
  copyright = {2000 Nature Publishing Group},
  issn = {1476-4687},
  shorttitle = {Oceanography},
  doi = {10.1038/35037696},
  language = {En},
  number = {6805},
  journal = {Nature},
  author = {Chisholm, Sallie W.},
  month = oct,
  year = {2000},
  pages = {685},
  file = {/Users/tylerrohr/Zotero/storage/N64Z4DF6/Chisholm - 2000 - Oceanography Stirring times in the Southern Ocean.pdf;/Users/tylerrohr/Zotero/storage/KQU6D358/35037696.html}
}

@book{PolarOceansSpace,
  title = {Polar {{Oceans}} from {{Space}} | {{Josefino Comiso}} | {{Springer}}},
  language = {en},
  file = {/Users/tylerrohr/Zotero/storage/7PQ6VII5/9780387366289.html}
}

@article{ComisoLargeDecadalDecline2011,
  title = {Large {{Decadal Decline}} of the {{Arctic Multiyear Ice Cover}}},
  volume = {25},
  issn = {0894-8755},
  doi = {10.1175/JCLI-D-11-00113.1},
  number = {4},
  journal = {Journal of Climate},
  author = {Comiso, Josefino C.},
  month = aug,
  year = {2011},
  pages = {1176--1193},
  file = {/Users/tylerrohr/Zotero/storage/UQRLXTJ6/Comiso - 2011 - Large Decadal Decline of the Arctic Multiyear Ice .pdf;/Users/tylerrohr/Zotero/storage/M8MSAFZL/JCLI-D-11-00113.html}
}

@article{ComisoPassivemicrowavealgorithms1997,
  title = {Passive Microwave Algorithms for Sea Ice Concentration: {{A}} Comparison of Two Techniques},
  volume = {60},
  issn = {0034-4257},
  shorttitle = {Passive Microwave Algorithms for Sea Ice Concentration},
  doi = {10.1016/S0034-4257(96)00220-9},
  number = {3},
  journal = {Remote Sensing of Environment},
  author = {Comiso, Josefino C. and Cavalieri, Donald J. and Parkinson, Claire L. and Gloersen, Per},
  month = jun,
  year = {1997},
  pages = {357--384},
  file = {/Users/tylerrohr/Zotero/storage/69BCJUCF/S0034425796002209.html}
}

@article{DaleSeasonaldevelopmentphytoplankton1999,
  title = {Seasonal Development of Phytoplankton at a High Latitude Oceanic Site},
  volume = {84},
  issn = {0036-4827},
  doi = {10.1080/00364827.1999.10807347},
  number = {5-6},
  journal = {Sarsia},
  author = {Dale, Trine and Rey, Francisco and Heimdal, Berit Riddervold},
  month = jan,
  year = {1999},
  keywords = {Phytoplankton,succession,time series},
  pages = {419--435},
  file = {/Users/tylerrohr/Zotero/storage/8X8QI64V/00364827.1999.html}
}

@article{BaarImportanceironplankton1995a,
  title = {Importance of Iron for Plankton Blooms and Carbon Dioxide Drawdown in the {{Southern Ocean}}},
  volume = {373},
  copyright = {1995 Nature Publishing Group},
  issn = {1476-4687},
  doi = {10.1038/373412a0},
  language = {En},
  number = {6513},
  journal = {Nature},
  author = {de Baar, Hein J. W. and de Jong, Jeroen T. M. and Bakker, Doroth{\'e}e C. E. and L{\"o}scher, Bettina M. and Veth, Cornelis and Bathmann, Uli and Smetacek, Victor},
  month = feb,
  year = {1995},
  pages = {412},
  file = {/Users/tylerrohr/Zotero/storage/3WGYAMSS/373412a0.html}
}

@article{DierssenBioopticalpropertiesremote2000,
  title = {Bio-Optical Properties and Remote Sensing Ocean Color Algorithms for {{Antarctic Peninsula}} Waters},
  volume = {105},
  issn = {2156-2202},
  doi = {10.1029/1999JC000296},
  language = {en},
  number = {C11},
  journal = {Journal of Geophysical Research: Oceans},
  author = {Dierssen, H. M. and Smith, R. C.},
  month = nov,
  year = {2000},
  keywords = {4275 Remote sensing and electromagnetic processes,1640 Remote sensing,4207 Arctic and Antarctic oceanography,4264 Ocean optics},
  pages = {26301--26312},
  file = {/Users/tylerrohr/Zotero/storage/LRHNTKNU/Dierssen and Smith - 2000 - Bio-optical properties and remote sensing ocean co.pdf}
}

@article{DiTullioRapidearlyexport2000,
  title = {Rapid and Early Export of {{{\emph{Phaeocystis}}}}{\emph{ Antarctica}} Blooms in the {{Ross Sea}}, {{Antarctica}}},
  volume = {404},
  copyright = {2000 Nature Publishing Group},
  issn = {1476-4687},
  doi = {10.1038/35007061},
  language = {En},
  number = {6778},
  journal = {Nature},
  author = {DiTullio, G. R. and Grebmeier, J. M. and Arrigo, K. R. and Lizotte, M. P. and Robinson, D. H. and Leventer, A. and Barry, J. P. and VanWoert, M. L. and Dunbar, R. B.},
  month = apr,
  year = {2000},
  pages = {595},
  file = {/Users/tylerrohr/Zotero/storage/F7XRQHSN/35007061.html}
}

@article{EllertsenSpringbloomsstratification1993,
  title = {Spring Blooms and Stratification},
  volume = {363},
  copyright = {1993 Nature Publishing Group},
  issn = {1476-4687},
  doi = {10.1038/363024a0},
  language = {En},
  number = {6424},
  journal = {Nature},
  author = {Ellertsen, Hans Chr},
  month = may,
  year = {1993},
  pages = {24},
  file = {/Users/tylerrohr/Zotero/storage/8ZXZZ6AU/363024a0.html}
}

@article{FischerSixtyYearsSverdrup2014,
  title = {Sixty {{Years}} of {{Sverdrup}}: {{A Retrospective}} of {{Progress}} in the {{Study}} of {{Phytoplankton Blooms}}},
  issn = {10428275},
  shorttitle = {Sixty {{Years}} of {{Sverdrup}}},
  language = {en\_US},
  journal = {Oceanography Society},
  author = {Fischer, Alexis and Moberg, Emily and Alexander, Harriet and Brownlee, Emily and Hunter-Cevera, Kristen and Pitz, Kathleen and Rosengard, Sarah and Sosik, Heidi},
  month = mar,
  year = {2014},
  file = {/Users/tylerrohr/Zotero/storage/ZEQTVFZ8/88184.html}
}

@article{FranksHasSverdrupcritical2015,
  title = {Has {{Sverdrup}}'s Critical Depth Hypothesis Been Tested? {{Mixed}} Layers vs. Turbulent Layers},
  volume = {72},
  issn = {1054-3139},
  shorttitle = {Has {{Sverdrup}}'s Critical Depth Hypothesis Been Tested?},
  doi = {10.1093/icesjms/fsu175},
  language = {en},
  number = {6},
  journal = {ICES Journal of Marine Science},
  author = {Franks, Peter J. S.},
  month = aug,
  year = {2015},
  pages = {1897--1907},
  file = {/Users/tylerrohr/Zotero/storage/4B8ZS5H8/Franks - 2015 - Has Sverdrup's critical depth hypothesis been test.pdf;/Users/tylerrohr/Zotero/storage/6C47WS2T/917319.html}
}

@article{GaieroIronothertransition2003,
  title = {Iron and Other Transition Metals in {{Patagonian}} Riverborne and Windborne Materials: {{Geochemical}} Control and Transport to the Southern {{South Atlantic Ocean}}},
  volume = {vol. 6},
  copyright = {info:eu-repo/semantics/openAccess},
  issn = {0016-7037},
  shorttitle = {Iron and Other Transition Metals in {{Patagonian}} Riverborne and Windborne Materials},
  language = {en},
  number = {n$^\circ$ 19},
  journal = {Geochimica et Cosmochimica Acta},
  author = {Gaiero, Diego M. and Probst, Jean-Luc and Depetris, Pedro J. and Bidart, Susana M. and Leleyter, Lydia},
  month = oct,
  year = {2003},
  pages = {3603--3623},
  file = {/Users/tylerrohr/Zotero/storage/F9RX9EWS/Gaiero et al. - 2003 - Iron and other transition metals in Patagonian riv.pdf;/Users/tylerrohr/Zotero/storage/SNWCTJ9X/3441.html}
}

@article{GarverInherentopticalproperty1997,
  title = {Inherent Optical Property Inversion of Ocean Color Spectra and Its Biogeochemical Interpretation: 1. {{Time}} Series from the {{Sargasso Sea}}},
  volume = {102},
  issn = {2156-2202},
  shorttitle = {Inherent Optical Property Inversion of Ocean Color Spectra and Its Biogeochemical Interpretation},
  doi = {10.1029/96JC03243},
  language = {en},
  number = {C8},
  journal = {Journal of Geophysical Research: Oceans},
  author = {Garver, Sara A. and Siegel, David A.},
  month = aug,
  year = {1997},
  pages = {18607--18625},
  file = {/Users/tylerrohr/Zotero/storage/ZFW3VRHX/Garver and Siegel - 1997 - Inherent optical property inversion of ocean color.pdf;/Users/tylerrohr/Zotero/storage/NACXTMQT/abstract.html}
}

@article{GranQuantitativeStudyPhytoplankton1935,
  title = {A {{Quantitative Study}} of the {{Phytoplankton}} in the {{Bay}} of {{Fundy}} and the {{Gulf}} of {{Maine}} (Including {{Observations}} on {{Hydrography}}, {{Chemistry}} and {{Turbidity}})},
  volume = {1},
  issn = {0368-1424},
  doi = {10.1139/f35-012},
  number = {5},
  journal = {Journal of the Biological Board of Canada},
  author = {Gran, H. H. and Braarud, Trygve},
  month = sep,
  year = {1935},
  pages = {279--467},
  file = {/Users/tylerrohr/Zotero/storage/2CJQL6AD/f35-012.html}
}

@article{GeiderLightTemperatureDependence1987,
  title = {Light and {{Temperature Dependence}} of the {{Carbon}} to {{Chlorophyll}} a {{Ratio}} in {{Microalgae}} and {{Cyanobacteria}}: {{Implications}} for {{Physiology}} and {{Growth}} of {{Phytoplankton}}},
  volume = {106},
  issn = {0028-646X},
  shorttitle = {Light and {{Temperature Dependence}} of the {{Carbon}} to {{Chlorophyll}} a {{Ratio}} in {{Microalgae}} and {{Cyanobacteria}}},
  number = {1},
  journal = {The New Phytologist},
  author = {Geider, Richard J.},
  year = {1987},
  pages = {1--34}
}

@article{HashiokaPhytoplanktoncompetitionspring2012,
  title = {Phytoplankton Competition during the Spring Bloom in Four {{Plankton Functional Type Models}}},
  volume = {9},
  doi = {10.5194/bgd-9-18083-2012},
  journal = {Biogeosciences Discussions},
  author = {Hashioka, Taketo and Vogt, Meike and Yamanaka, Yasuhiro and Le Qu{\'e}r{\'e}, Corinne and Buitenhuis, Erik and N. Aita, M and Alvain, Severine and Bopp, Laurent and Hirata, Takafumi and Lima, I and Sailley, Sevrine and Doney, Scott},
  month = dec,
  year = {2012}
}

@article{HauckSouthernOceanCO22015,
  title = {On the {{Southern Ocean CO2}} Uptake and the Role of the Biological Carbon Pump in the 21st Century},
  volume = {29},
  issn = {1944-9224},
  doi = {10.1002/2015GB005140},
  language = {en},
  number = {9},
  journal = {Global Biogeochemical Cycles},
  author = {Hauck, J. and V{\"o}lker, C. and Wolf-Gladrow, D. A. and Laufk{\"o}tter, C. and Vogt, M. and Aumont, O. and Bopp, L. and Buitenhuis, E. T. and Doney, S. C. and Dunne, J. and Gruber, N. and Hashioka, T. and John, J. and Qu{\'e}r{\'e}, C. Le and Lima, I. D. and Nakano, H. and S{\'e}f{\'e}rian, R. and Totterdell, I.},
  month = sep,
  year = {2015},
  keywords = {4806 Carbon cycling,4805 Biogeochemical cycles; processes; and modeling,1622 Earth system modeling,4255 Numerical modeling,CMIP5,ecosystem model intercomparison,export production,ocean carbon sink,polar carbon cycle,Southern Annular Mode},
  pages = {2015GB005140},
  file = {/Users/tylerrohr/Zotero/storage/ZG3ZBTSX/Hauck et al. - 2015 - On the Southern Ocean CO2 uptake and the role of t.pdf;/Users/tylerrohr/Zotero/storage/SXWCVDM2/abstract.html}
}

@article{SakshaugFactorscontrollingdevelopment1991,
  series = {Biochemistry and circulation of water masses in the Southern Ocean},
  title = {Factors Controlling the Development of Phytoplankton Blooms in the {{Antarctic Ocean}} \textemdash{} a Mathematical Model},
  volume = {35},
  issn = {0304-4203},
  doi = {10.1016/S0304-4203(09)90021-4},
  number = {1},
  journal = {Marine Chemistry},
  author = {Sakshaug, Egil and Slagstad, Dag and Holm-Hansen, Osmund},
  month = nov,
  year = {1991},
  pages = {259--271},
  file = {/Users/tylerrohr/Zotero/storage/8W2Y6H95/S0304420309900214.html}
}

@article{LaufkotterProjecteddecreasesfuture2016,
  title = {Projected Decreases in Future Marine Export Production: The Role of the Carbon Flux through the Upper Ocean Ecosystem},
  volume = {13},
  issn = {1726-4189},
  shorttitle = {Projected Decreases in Future Marine Export Production},
  doi = {10.5194/bg-13-4023-2016},
  number = {13},
  journal = {Biogeosciences},
  author = {Laufk{\"o}tter, C. and Vogt, M. and Gruber, N. and Aumont, O. and Bopp, L. and Doney, S. C. and Dunne, J. P. and Hauck, J. and John, J. G. and Lima, I. D. and Seferian, R. and V{\"o}lker, C.},
  month = jul,
  year = {2016},
  pages = {4023--4047},
  file = {/Users/tylerrohr/Zotero/storage/4KCAQ7MA/Laufkötter et al. - 2016 - Projected decreases in future marine export produc.pdf}
}

@article{LongModelingphotosynthesissea2015,
  title = {Modeling Photosynthesis in Sea Ice-Covered Waters},
  volume = {7},
  issn = {1942-2466},
  doi = {10.1002/2015MS000436},
  language = {en},
  number = {3},
  journal = {Journal of Advances in Modeling Earth Systems},
  author = {Long, Matthew C. and Lindsay, Keith and Holland, Marika M.},
  month = sep,
  year = {2015},
  keywords = {4806 Carbon cycling,4853 Photosynthesis,1615 Biogeochemical cycles; processes; and modeling,1622 Earth system modeling,carbon cycle,ocean biogeochemistry,photosynthesis,polar marine ecosystem,primary productivity,sea ice},
  pages = {1189--1206},
  file = {/Users/tylerrohr/Zotero/storage/QVIAYZU5/Long et al. - 2015 - Modeling photosynthesis in sea ice-covered waters.pdf;/Users/tylerrohr/Zotero/storage/D6GG6X95/abstract.html}
}

@article{LongFindingforcedtrends2016,
  title = {Finding Forced Trends in Oceanic Oxygen},
  volume = {30},
  issn = {1944-9224},
  doi = {10.1002/2015GB005310},
  language = {en},
  number = {2},
  journal = {Global Biogeochemical Cycles},
  author = {Long, Matthew C. and Deutsch, Curtis and Ito, Taka},
  month = feb,
  year = {2016},
  keywords = {4805 Biogeochemical cycles; processes; and modeling,ocean biogeochemistry,1616 Climate variability,1627 Coupled models of the climate system,climate variability,dissolve oxygen},
  pages = {2015GB005310},
  file = {/Users/tylerrohr/Zotero/storage/ESY6GMJ8/Long et al. - 2016 - Finding forced trends in oceanic oxygen.pdf;/Users/tylerrohr/Zotero/storage/H45J35XX/abstract.html}
}

@book{LonghurstEcologicalGeographySea2006,
  address = {Oxford ; Boston},
  edition = {2 edition},
  title = {Ecological {{Geography}} of the {{Sea}}, {{Second Edition}}},
  isbn = {978-0-7506-1158-9},
  language = {English},
  publisher = {{Academic Press}},
  author = {Longhurst, Alan R.},
  month = oct,
  year = {2006}
}

@article{MartinIrondeficiencylimits1988,
  title = {Iron Deficiency Limits Phytoplankton Growth in the North-East {{Pacific}} Subarctic},
  volume = {331},
  copyright = {1988 Nature Publishing Group},
  issn = {1476-4687},
  doi = {10.1038/331341a0},
  language = {En},
  number = {6154},
  journal = {Nature},
  author = {Martin, John H. and Fitzwater, Steve E.},
  month = jan,
  year = {1988},
  pages = {341},
  file = {/Users/tylerrohr/Zotero/storage/DI8CU28P/331341a0.html}
}

@article{MilutinovicSensitivityremotesensing2009,
  title = {Sensitivity of Remote Sensing\textendash{}derived Phytoplankton Productivity to Mixed Layer Depth: {{Lessons}} from the Carbon-Based Productivity Model},
  volume = {23},
  issn = {1944-9224},
  shorttitle = {Sensitivity of Remote Sensing\textendash{}derived Phytoplankton Productivity to Mixed Layer Depth},
  doi = {10.1029/2008GB003431},
  language = {en},
  number = {4},
  journal = {Global Biogeochemical Cycles},
  author = {Milutinovi{\'c}, Svetlana and Behrenfeld, Michael J. and Johannessen, Johnny A. and Johannessen, Truls},
  month = dec,
  year = {2009},
  keywords = {4853 Photosynthesis,4855 Phytoplankton,4572 Upper ocean and mixed layer processes,0480 Remote sensing,mixed layer depth,ocean color remote sensing,oceanic primary productivity},
  pages = {GB4005},
  file = {/Users/tylerrohr/Zotero/storage/6V7Y9HVA/Milutinović et al. - 2009 - Sensitivity of remote sensing–derived phytoplankto.pdf;/Users/tylerrohr/Zotero/storage/XCPA2H2R/abstract.html}
}

@article{Misumiironbudgetocean2014,
  title = {The Iron Budget in Ocean Surface Waters in the 20th and 21st Centuries : Projections by the {{Community Earth System Model}} Version 1},
  copyright = {Attribution 3.0 Unported},
  shorttitle = {The Iron Budget in Ocean Surface Waters in the 20th and 21st Centuries},
  doi = {10.5194/bg-11-33-2014},
  language = {en\_US},
  author = {Misumi, Kazuhiro and Lindsay, Keith and Moore, J. Keith and Doney, Scott C. and Bryan, Frank O. and Tsumune, Daisuke and Yoshida, Yoshikatsu},
  month = jan,
  year = {2014},
  file = {/Users/tylerrohr/Zotero/storage/BTFCTNP3/Misumi et al. - 2014 - The iron budget in ocean surface waters in the 20t.pdf;/Users/tylerrohr/Zotero/storage/I7CCZ4KG/6468.html}
}

@article{Montes-HugoRecentchangesphytoplankton2009,
  title = {Recent Changes in Phytoplankton Communities Associated with Rapid Regional Climate Change along the Western {{Antarctic Peninsula}}},
  volume = {323},
  issn = {1095-9203},
  doi = {10.1126/science.1164533},
  language = {eng},
  number = {5920},
  journal = {Science (New York, N.Y.)},
  author = {Montes-Hugo, Martin and Doney, Scott C. and Ducklow, Hugh W. and Fraser, William and Martinson, Douglas and Stammerjohn, Sharon E. and Schofield, Oscar},
  month = mar,
  year = {2009},
  keywords = {Phytoplankton,Animals,Antarctic Regions,Biomass,Chlorophyll,Cold Climate,Ecosystem,Euphausiacea,Geography,Ice Cover,Oceans and Seas,Population Dynamics,Seasons,Seawater,Spheniscidae,Temperature,Wind},
  pages = {1470--1473},
  pmid = {19286554}
}

@article{MoorePhytoplanktonchlorophylldistributions2000,
  title = {Phytoplankton Chlorophyll Distributions and Primary Production in the {{Southern Ocean}}},
  volume = {105},
  issn = {2156-2202},
  doi = {10.1029/1999JC000043},
  language = {en},
  number = {C12},
  journal = {Journal of Geophysical Research: Oceans},
  author = {Moore, J. Keith and Abbott, Mark R.},
  month = dec,
  year = {2000},
  keywords = {4504 Air/sea interactions},
  pages = {28709--28722},
  file = {/Users/tylerrohr/Zotero/storage/KLWIGMWH/Moore and Abbott - 2000 - Phytoplankton chlorophyll distributions and primar.pdf;/Users/tylerrohr/Zotero/storage/LK45XQZL/abstract.html}
}

@article{MooreProcessespatternsoceanic2013,
  title = {Processes and Patterns of Oceanic Nutrient Limitation},
  volume = {6},
  copyright = {2013 Nature Publishing Group},
  issn = {1752-0908},
  doi = {10.1038/ngeo1765},
  language = {En},
  number = {9},
  journal = {Nature Geoscience},
  author = {Moore, C. M. and Mills, M. M. and Arrigo, K. R. and Berman-Frank, I. and Bopp, L. and Boyd, P. W. and Galbraith, E. D. and Geider, R. J. and Guieu, C. and Jaccard, S. L. and Jickells, T. D. and Roche, J. La and Lenton, T. M. and Mahowald, N. M. and Mara{\~n}{\'o}n, E. and Marinov, I. and Moore, J. K. and Nakatsuka, T. and Oschlies, A. and Saito, M. A. and Thingstad, T. F. and Tsuda, A. and Ulloa, O.},
  month = sep,
  year = {2013},
  pages = {701},
  file = {/Users/tylerrohr/Zotero/storage/IXNJJBIA/ngeo1765.html}
}

@article{MorelSurfacepigmentsalgal1989,
  title = {Surface Pigments, Algal Biomass Profiles, and Potential Production of the Euphotic Layer: {{Relationships}} Reinvestigated in View of Remote-Sensing Applications},
  volume = {34},
  issn = {1939-5590},
  shorttitle = {Surface Pigments, Algal Biomass Profiles, and Potential Production of the Euphotic Layer},
  doi = {10.4319/lo.1989.34.8.1545},
  language = {en},
  number = {8},
  journal = {Limnology and Oceanography},
  author = {Morel, Andr{\'e} and Berthon, Jean-Fran{\c c}ois},
  month = dec,
  year = {1989},
  pages = {1545--1562},
  file = {/Users/tylerrohr/Zotero/storage/FCDQ84HB/Morel and Berthon - 1989 - Surface pigments, algal biomass profiles, and pote.pdf;/Users/tylerrohr/Zotero/storage/SV928YGN/abstract.html}
}

@article{RacaultPhytoplanktonphenologyglobal2012,
  title = {Phytoplankton Phenology in the Global Ocean},
  volume = {14},
  doi = {10.1016/j.ecolind.2011.07.010},
  journal = {Ecological Indicators},
  author = {Racault, Marie-Fanny and Le Qu{\'e}r{\'e}, Corinne and Buitenhuis, Erik and Sathyendranath, Shubha and Platt, Trevor},
  month = mar,
  year = {2012},
  pages = {152--163}
}

@book{RileyFactorsControllingPhytoplankton1946,
  title = {Factors {{Controlling Phytoplankton Populations}} on {{Georges Bank}}},
  language = {en},
  author = {Riley, Gordon},
  year = {1946}
}

@article{SakshaugPhotoadaptationAntarcticphytopfankton1986,
  title = {Photoadaptation in {{Antarctic}} Phytopfankton: Variations in Growth Rate, Chemical Composition and {{P}} versus {{I}} Curves},
  volume = {8},
  issn = {0142-7873},
  shorttitle = {Photoadaptation in {{Antarctic}} Phytopfankton},
  doi = {10.1093/plankt/8.3.459},
  language = {en},
  number = {3},
  journal = {Journal of Plankton Research},
  author = {Sakshaug, Egil and Holm-Hansen, Osmund},
  month = jan,
  year = {1986},
  pages = {459--473},
  file = {/Users/tylerrohr/Zotero/storage/ZXB28729/1481601.html}
}

@article{SchoemannPhaeocystisbloomsglobal2005a,
  title = {Phaeocystis Blooms in the Global Ocean and Their Controlling Mechanisms: A Review},
  volume = {53},
  issn = {1385-1101},
  shorttitle = {Phaeocystis Blooms in the Global Ocean and Their Controlling Mechanisms},
  doi = {10.1016/j.seares.2004.01.008},
  language = {English},
  number = {1-2},
  journal = {Journal of Sea Research},
  author = {Schoemann, No Value] and Becquevort, S. and Stefels, J. and Rousseau, W. and Lancelot, C.},
  month = jan,
  year = {2005},
  pages = {43--66},
  file = {/Users/tylerrohr/Zotero/storage/FWGZ4FMP/export.html}
}

@article{SiegelNorthAtlanticSpring2002,
  title = {The {{North Atlantic Spring Phytoplankton Bloom}} and {{Sverdrup}}'s {{Critical Depth Hypothesis}}},
  volume = {296},
  issn = {0036-8075, 1095-9203},
  doi = {10.1126/science.1069174},
  language = {en},
  number = {5568},
  journal = {Science},
  author = {Siegel, D. A. and Doney, S. C. and Yoder, J. A.},
  month = apr,
  year = {2002},
  pages = {730--733},
  file = {/Users/tylerrohr/Zotero/storage/R7MZ2UAD/730.html},
  pmid = {11976453}
}

@article{SiegelGlobalassessmentocean2014,
  title = {Global Assessment of Ocean Carbon Export by Combining Satellite Observations and Food-Web Models},
  volume = {28},
  issn = {1944-9224},
  doi = {10.1002/2013GB004743},
  language = {en},
  number = {3},
  journal = {Global Biogeochemical Cycles},
  author = {Siegel, D. A. and Buesseler, K. O. and Doney, S. C. and Sailley, S. F. and Behrenfeld, M. J. and Boyd, P. W.},
  month = mar,
  year = {2014},
  keywords = {4275 Remote sensing and electromagnetic processes,4806 Carbon cycling,4805 Biogeochemical cycles; processes; and modeling,4815 Ecosystems; structure; dynamics; and modeling,remote sensing,carbon cycle,biological pump,carbon export,food webs},
  pages = {2013GB004743}
}

@article{SmithInfluenceseaice2008,
  title = {Influence of Sea Ice on Primary Production in the {{Southern Ocean}}: {{A}} Satellite Perspective},
  volume = {113},
  issn = {2156-2202},
  shorttitle = {Influence of Sea Ice on Primary Production in the {{Southern Ocean}}},
  doi = {10.1029/2007JC004251},
  language = {en},
  number = {C5},
  journal = {Journal of Geophysical Research: Oceans},
  author = {Smith, Walker O. and Comiso, Josefino C.},
  month = may,
  year = {2008},
  keywords = {4806 Carbon cycling,4853 Photosynthesis,4855 Phytoplankton,productivity,Southern Ocean,4262 Ocean observing systems,4207 Arctic and Antarctic oceanography,sea ice,chlorophyll,polynya},
  pages = {C05S93},
  file = {/Users/tylerrohr/Zotero/storage/GPT55BYY/Smith and Comiso - 2008 - Influence of sea ice on primary production in the .pdf;/Users/tylerrohr/Zotero/storage/ZSUIJNYK/abstract.html}
}

@article{SmithPhytoplanktonbloomproduced1985,
  title = {Phytoplankton Bloom Produced by a Receding Ice Edge in the Ross Sea: Spatial Coherence with the Density Field},
  volume = {227},
  issn = {0036-8075},
  shorttitle = {Phytoplankton Bloom Produced by a Receding Ice Edge in the Ross Sea},
  doi = {10.1126/science.227.4683.163},
  language = {eng},
  number = {4683},
  journal = {Science (New York, N.Y.)},
  author = {Smith, W. O. and Nelson, D. M.},
  month = jan,
  year = {1985},
  pages = {163--166},
  pmid = {17843076}
}

@article{SpiesGrowthratesAntarctic1987,
  title = {Growth Rates of {{Antarctic}} Marine Phytoplankton in the {{Weddell Sea}}},
  volume = {41},
  issn = {0171-8630},
  number = {3},
  journal = {Marine Ecology Progress Series},
  author = {Spies, Annette},
  year = {1987},
  pages = {267--274}
}

@article{StammerjohnTrendsAntarcticannual2008,
  title = {Trends in {{Antarctic}} Annual Sea Ice Retreat and Advance and Their Relation to {{El Ni{\~n}o}}\textendash{}{{Southern Oscillation}} and {{Southern Annular Mode}} Variability},
  volume = {113},
  issn = {2156-2202},
  doi = {10.1029/2007JC004269},
  language = {en},
  number = {C3},
  journal = {Journal of Geophysical Research: Oceans},
  author = {Stammerjohn, S. E. and Martinson, D. G. and Smith, R. C. and Yuan, X. and Rind, D.},
  month = mar,
  year = {2008},
  keywords = {1616 Climate variability,4504 Air/sea interactions,0750 Sea ice,0772 Distribution,4522 ENSO,Antarctic sea ice,ENSO,SAM},
  pages = {C03S90},
  file = {/Users/tylerrohr/Zotero/storage/DYTFL9IW/Stammerjohn et al. - 2008 - Trends in Antarctic annual sea ice retreat and adv.pdf;/Users/tylerrohr/Zotero/storage/MFC4UGSW/abstract.html}
}

@article{StammerjohnRegionsrapidsea2012,
  title = {Regions of Rapid Sea Ice Change: {{An}} Inter-Hemispheric Seasonal Comparison},
  volume = {39},
  issn = {1944-8007},
  shorttitle = {Regions of Rapid Sea Ice Change},
  doi = {10.1029/2012GL050874},
  language = {en},
  number = {6},
  journal = {Geophysical Research Letters},
  author = {Stammerjohn, Sharon and Massom, Robert and Rind, David and Martinson, Douglas},
  month = mar,
  year = {2012},
  keywords = {Antarctic,4207 Arctic and Antarctic oceanography,4504 Air/sea interactions,0750 Sea ice,0758 Remote sensing,Arctic,climate change,polar sea ice},
  pages = {L06501},
  file = {/Users/tylerrohr/Zotero/storage/MDU35QAB/Stammerjohn et al. - 2012 - Regions of rapid sea ice change An inter-hemisphe.pdf;/Users/tylerrohr/Zotero/storage/XUA2YNUM/abstract.html}
}

@article{SullivanDistributionsphytoplanktonblooms1993,
  title = {Distributions of Phytoplankton Blooms in the Southern Ocean},
  volume = {262},
  issn = {0036-8075},
  doi = {10.1126/science.262.5141.1832},
  language = {eng},
  number = {5141},
  journal = {Science (New York, N.Y.)},
  author = {Sullivan, C. W. and Arrigo, K. R. and McClain, C. R. and Comiso, J. C. and Firestone, J.},
  month = dec,
  year = {1993},
  pages = {1832--1837},
  pmid = {17829629}
}

@article{StroeveMappingassessingvariability2016,
  title = {Mapping and Assessing Variability in the {{Antarctic}} Marginal Ice Zone, Pack Ice and Coastal Polynyas in Two Sea Ice Algorithms with Implications on Breeding Success of Snow Petrels},
  volume = {10},
  issn = {1994-0424},
  doi = {10.5194/tc-10-1823-2016},
  number = {4},
  journal = {The Cryosphere},
  author = {Stroeve, J. C. and Jenouvrier, S. and Campbell, G. G. and Barbraud, C. and Delord, K.},
  month = aug,
  year = {2016},
  pages = {1823--1843},
  file = {/Users/tylerrohr/Zotero/storage/JYUFCRQ6/Stroeve et al. - 2016 - Mapping and assessing variability in the Antarctic.pdf}
}

@article{SverdrupConditionsVernalBlooming1953,
  title = {On {{Conditions}} for the {{Vernal Blooming}} of {{Phytoplankton}}},
  volume = {18},
  issn = {1054-3139},
  doi = {10.1093/icesjms/18.3.287},
  language = {en},
  number = {3},
  journal = {ICES Journal of Marine Science},
  author = {Sverdrup, H. U.},
  month = jan,
  year = {1953},
  pages = {287--295},
  file = {/Users/tylerrohr/Zotero/storage/B5RA2N4N/695418.html}
}

@article{TagliabueEvaluatingimportanceatmospheric2009,
  title = {Evaluating the Importance of Atmospheric and Sedimentary Iron Sources to {{Southern Ocean}} Biogeochemistry},
  volume = {36},
  issn = {1944-8007},
  doi = {10.1029/2009GL038914},
  language = {en},
  number = {13},
  journal = {Geophysical Research Letters},
  author = {Tagliabue, Alessandro and Bopp, Laurent and Aumont, Olivier},
  month = jul,
  year = {2009},
  keywords = {4806 Carbon cycling,4875 Trace elements,iron,4845 Nutrients and nutrient cycling,4805 Biogeochemical cycles; processes; and modeling,ocean biogeochemistry,modelling},
  pages = {L13601},
  file = {/Users/tylerrohr/Zotero/storage/BBFHPM4E/Tagliabue et al. - 2009 - Evaluating the importance of atmospheric and sedim.pdf;/Users/tylerrohr/Zotero/storage/95GMD338/abstract.html}
}

@article{TagliabueSurfacewaterironsupplies2014,
  title = {Surface-Water Iron Supplies in the {{Southern Ocean}} Sustained by Deep Winter Mixing},
  volume = {7},
  copyright = {2014 Nature Publishing Group},
  issn = {1752-0908},
  doi = {10.1038/ngeo2101},
  language = {En},
  number = {4},
  journal = {Nature Geoscience},
  author = {Tagliabue, Alessandro and Sall{\'e}e, Jean-Baptiste and Bowie, Andrew R. and L{\'e}vy, Marina and Swart, Sebastiaan and Boyd, Philip W.},
  month = apr,
  year = {2014},
  pages = {314},
  file = {/Users/tylerrohr/Zotero/storage/S56LQ88X/ngeo2101.html}
}

@article{ThomallaRegionalscalecharacteristics2011,
  title = {Regional Scale Characteristics of the Seasonal Cycle of Chlorophyll in the {{Southern Ocean}}},
  volume = {8},
  issn = {1726-4189},
  doi = {10.5194/bg-8-2849-2011},
  number = {10},
  journal = {Biogeosciences},
  author = {Thomalla, S. J. and Fauchereau, N. and Swart, S. and Monteiro, P. M. S.},
  month = oct,
  year = {2011},
  pages = {2849--2866},
  file = {/Users/tylerrohr/Zotero/storage/L8SIIHA4/Thomalla et al. - 2011 - Regional scale characteristics of the seasonal cyc.pdf}
}

@article{TownsendSpringphytoplanktonblooms1992,
  title = {Spring Phytoplankton Blooms in the Absence of Vertical Water Column Stratification},
  volume = {360},
  copyright = {1992 Nature Publishing Group},
  issn = {1476-4687},
  doi = {10.1038/360059a0},
  language = {En},
  number = {6399},
  journal = {Nature},
  author = {Townsend, David W. and Keller, Maureen D. and Sieracki, Michael E. and Ackleson, Steven G.},
  month = nov,
  year = {1992},
  pages = {59},
  file = {/Users/tylerrohr/Zotero/storage/E34XJAZB/360059a0.html}
}

@article{TreguerPrefaceClimaticchanges2002,
  title = {Preface: {{Climatic}} Changes and the Carbon Cycles in the {{Southern Ocean}}: {{A}} Step Forward},
  volume = {49},
  shorttitle = {Preface},
  doi = {10.1016/S0967-0645(02)00002-4},
  journal = {Deep Sea Research Part II Topical Studies in Oceanography},
  author = {Tr{\'e}guer, Paul and Pondaven, Philippe},
  month = dec,
  year = {2002},
  pages = {1597--1600}
}

@article{WangIncorporatingPhaeocystisSouthern2011a,
  title = {Incorporating {{Phaeocystis}} into a {{Southern Ocean}} Ecosystem Model},
  volume = {116},
  issn = {2156-2202},
  doi = {10.1029/2009JC005817},
  language = {en},
  number = {C1},
  journal = {Journal of Geophysical Research: Oceans},
  author = {Wang, Shanlin and Moore, J. Keith},
  month = jan,
  year = {2011},
  keywords = {0414 Biogeochemical cycles; processes; and modeling,0428 Carbon cycling,0466 Modeling,4805 Biogeochemical cycles; processes; and modeling,4815 Ecosystems; structure; dynamics; and modeling,diatom,ecosystem dynamics,Phaeocystis antarctica},
  pages = {C01019},
  file = {/Users/tylerrohr/Zotero/storage/WC8VFQ3I/Wang and Moore - 2011 - Incorporating Phaeocystis into a Southern Ocean ec.pdf;/Users/tylerrohr/Zotero/storage/AMJ4QGDP/abstract.html}
}

@article{WestberryCarbonbasedprimaryproductivity2008,
  title = {Carbon-Based Primary Productivity Modeling with Vertically Resolved Photoacclimation},
  volume = {22},
  issn = {1944-9224},
  doi = {10.1029/2007GB003078},
  language = {en},
  number = {2},
  journal = {Global Biogeochemical Cycles},
  author = {Westberry, T. and Behrenfeld, M. J. and Siegel, D. A. and Boss, E.},
  month = jun,
  year = {2008},
  keywords = {4275 Remote sensing and electromagnetic processes,4806 Carbon cycling,4855 Phytoplankton,4264 Ocean optics,ocean color,primary production},
  pages = {GB2024},
  file = {/Users/tylerrohr/Zotero/storage/CT25UZZB/Westberry et al. - 2008 - Carbon-based primary productivity modeling with ve.pdf;/Users/tylerrohr/Zotero/storage/HBCVB2M6/abstract.html}
}

@article{WardPhytoplanktongrowthconditions2007,
  title = {Phytoplankton Growth Conditions during Autumn and Winter in the {{Irminger Sea}}, {{North Atlantic}}},
  volume = {334},
  doi = {10.3354/meps334047},
  journal = {Marine Ecology Progress Series},
  author = {Ward, BA and Waniek, JJ},
  month = mar,
  year = {2007},
  pages = {47--61}
}

@article{WangImpactseaice2014,
  title = {Impact of Sea Ice on the Marine Iron Cycle and Phytoplankton Productivity},
  volume = {11},
  issn = {1726-4189},
  doi = {10.5194/bg-11-4713-2014},
  number = {17},
  journal = {Biogeosciences},
  author = {Wang, S. and Bailey, D. and Lindsay, K. and Moore, J. K. and Holland, M.},
  month = sep,
  year = {2014},
  pages = {4713--4731},
  file = {/Users/tylerrohr/Zotero/storage/MWJKQVYD/Wang et al. - 2014 - Impact of sea ice on the marine iron cycle and phy.pdf}
}

@article{UitzVerticaldistributionphytoplankton2006,
  title = {Vertical Distribution of Phytoplankton Communities in Open Ocean: {{An}} Assessment Based on Surface Chlorophyll},
  volume = {111},
  issn = {2156-2202},
  shorttitle = {Vertical Distribution of Phytoplankton Communities in Open Ocean},
  doi = {10.1029/2005JC003207},
  language = {en},
  number = {C8},
  journal = {Journal of Geophysical Research: Oceans},
  author = {Uitz, Julia and Claustre, Herv{\'e} and Morel, Andr{\'e} and Hooker, Stanford B.},
  month = aug,
  year = {2006},
  keywords = {4855 Phytoplankton,4815 Ecosystems; structure; dynamics; and modeling,1640 Remote sensing,4264 Ocean optics,ocean color remote sensing,algal pigments vertical profiles,phytoplankton community composition},
  pages = {C08005},
  file = {/Users/tylerrohr/Zotero/storage/GWNPZEVC/Uitz et al. - 2006 - Vertical distribution of phytoplankton communities.pdf;/Users/tylerrohr/Zotero/storage/DSJDCH6U/abstract.html}
}

@article{TaylorOverviewCMIP5Experiment2011,
  title = {An {{Overview}} of {{CMIP5}} and the {{Experiment Design}}},
  volume = {93},
  issn = {0003-0007},
  doi = {10.1175/BAMS-D-11-00094.1},
  number = {4},
  journal = {Bulletin of the American Meteorological Society},
  author = {Taylor, Karl E. and Stouffer, Ronald J. and Meehl, Gerald A.},
  month = oct,
  year = {2011},
  pages = {485--498},
  file = {/Users/tylerrohr/Zotero/storage/APXQSFRF/Taylor et al. - 2011 - An Overview of CMIP5 and the Experiment Design.pdf;/Users/tylerrohr/Zotero/storage/MDN4BXZX/BAMS-D-11-00094.html}
}

@article{TangSurvivalrecoveryPhaeocystis2009,
  title = {Survival and Recovery of {{Phaeocystis}} Antarctica ({{Prymnesiophyceae}}) from Prolonged Darkness and Freezing},
  volume = {276},
  copyright = {\textcopyright{} 2008 The Royal Society},
  issn = {0962-8452, 1471-2954},
  doi = {10.1098/rspb.2008.0598},
  language = {en},
  number = {1654},
  journal = {Proceedings of the Royal Society of London B: Biological Sciences},
  author = {Tang, Kam W. and Smith, Walker O. and Shields, Amy R. and Elliott, David T.},
  month = jan,
  year = {2009},
  pages = {81--90},
  file = {/Users/tylerrohr/Zotero/storage/QGWZMWUF/Tang et al. - 2009 - Survival and recovery of Phaeocystis antarctica (P.pdf;/Users/tylerrohr/Zotero/storage/3I9KL2RN/81.html},
  pmid = {18765338}
}

@inproceedings{ShangComparisonprimaryproductivity2010,
  title = {Comparison of Primary Productivity Models in the {{Southern Ocean}}: Preliminary Results},
  volume = {7678},
  shorttitle = {Comparison of Primary Productivity Models in the {{Southern Ocean}}},
  doi = {10.1117/12.853631},
  author = {Shang, S. L. and Behrenfeld, M. J. and Lee, Z. P. and O'Malley, R. T. and Wei, G. M. and Li, Y. H. and Westberry, T.},
  month = apr,
  year = {2010},
  pages = {767808}
}

@article{SedwickRegulationalgalblooms1997,
  title = {Regulation of Algal Blooms in {{Antarctic Shelf Waters}} by the Release of Iron from Melting Sea Ice},
  volume = {24},
  issn = {1944-8007},
  doi = {10.1029/97GL02596},
  language = {en},
  number = {20},
  journal = {Geophysical Research Letters},
  author = {Sedwick, Peter N. and DiTullio, Giacomo R.},
  month = oct,
  year = {1997},
  keywords = {4805 Oceanography: Biological and Chemical: Biogeochemical cycles,4855 Oceanography: Biological and Chemical: Plankton,4875 Oceanography: Biological and Chemical: Trace elements,9310 Information Related to Geographic Region: Antarctica},
  pages = {2515--2518},
  file = {/Users/tylerrohr/Zotero/storage/VLXMUACI/Sedwick and DiTullio - 1997 - Regulation of algal blooms in Antarctic Shelf Wate.pdf;/Users/tylerrohr/Zotero/storage/UVXPN2KY/abstract.html}
}

@article{SailleyComparingfoodweb2013,
  title = {Comparing Food Web Structures and Dynamics across a Suite of Global Marine Ecosystem Models},
  copyright = {Attribution 3.0 Unported},
  doi = {10.1016/j.ecolmodel.2013.04.006},
  language = {en\_US},
  author = {Sailley, Sevrine F. and Vogt, Meike and Doney, Scott C. and Aita, M. N. and Bopp, Laurent and Buitenhuis, Erik T. and Hashioka, Taketo and Lima, Ivan D. and Le Quere, Corinne and Yamanaka, Yasuhiro},
  month = may,
  year = {2013},
  file = {/Users/tylerrohr/Zotero/storage/Z6WJTK2X/Sailley et al. - 2013 - Comparing food web structures and dynamics across .pdf;/Users/tylerrohr/Zotero/storage/GS38JUK8/7238.html}
}

@article{VTrophicefficiencyplanktonic2000,
  title = {Trophic Efficiency of the Planktonic Food Web in a Coastal Ecosystem Dominated by {{Phaeocystis}} Colonies},
  volume = {43},
  doi = {10.1016/S1385-1101(00)00018-6},
  journal = {Journal of Sea Research},
  author = {V, Rousseau and Becquevort, Sylvie and Parent, Jean-Yves and Gasparini, St{\'e}phane and M.H, Daro and M, Tackx and C, Lancelot},
  month = aug,
  year = {2000},
  pages = {357--372}
}

@article{ParekhDecouplingironphosphate2005,
  title = {Decoupling of Iron and Phosphate in the Global Ocean},
  volume = {19},
  issn = {1944-9224},
  doi = {10.1029/2004GB002280},
  language = {en},
  number = {2},
  journal = {Global Biogeochemical Cycles},
  author = {Parekh, P. and Follows, M. J. and Boyle, E. A.},
  month = jun,
  year = {2005},
  keywords = {4875 Trace elements,4845 Nutrients and nutrient cycling,4805 Biogeochemical cycles; processes; and modeling,modeling,ocean iron cycle},
  pages = {GB2020},
  file = {/Users/tylerrohr/Zotero/storage/SAUT4NBH/Parekh et al. - 2005 - Decoupling of iron and phosphate in the global oce.pdf;/Users/tylerrohr/Zotero/storage/H4SY5XN9/abstract.html}
}

@article{NejstgaardZooplanktonGrazingPhaeocystis2007,
  title = {Zooplankton {{Grazing}} on {{Phaeocystis}}: {{A Quantitative Review}} and {{Future Challenges}}},
  volume = {83},
  issn = {0168-2563},
  shorttitle = {Zooplankton {{Grazing}} on {{Phaeocystis}}},
  number = {1/3},
  journal = {Biogeochemistry},
  author = {Nejstgaard, Jens C. and Tang, Kam W. and Steinke, Michael and Dutz, J{\"o}rg and Koski, Marja and Antajan, Elvire and Long, Jeremy D.},
  year = {2007},
  pages = {147--172}
}

@article{MooreIronlightinteractions2007,
  series = {The Crozet Natural Iron Bloom and Export Experiment},
  title = {Iron\textendash{}light Interactions during the {{CROZet}} Natural Iron Bloom and {{EXport}} Experiment ({{CROZEX}}) {{I}}: {{Phytoplankton}} Growth and Photophysiology},
  volume = {54},
  issn = {0967-0645},
  shorttitle = {Iron\textendash{}light Interactions during the {{CROZet}} Natural Iron Bloom and {{EXport}} Experiment ({{CROZEX}}) {{I}}},
  doi = {10.1016/j.dsr2.2007.06.011},
  number = {18},
  journal = {Deep Sea Research Part II: Topical Studies in Oceanography},
  author = {Moore, C. Mark and Seeyave, Sophie and Hickman, Anna E. and Allen, John T. and Lucas, Mike I. and Planquette, Helene and Pollard, Raymond T. and Poulton, Alex J.},
  month = sep,
  year = {2007},
  keywords = {Southern Ocean,Phytoplankton,Iron limitation,Light},
  pages = {2045--2065},
  file = {/Users/tylerrohr/Zotero/storage/MIRRPQKL/S0967064507001488.html}
}

@article{LiSatelliteestimatesnet2016,
  title = {Satellite Estimates of Net Community Production Based on {{O2}}/{{Ar}} Observations and Comparison to Other Estimates},
  volume = {30},
  issn = {1944-9224},
  doi = {10.1002/2015GB005314},
  language = {en},
  number = {5},
  journal = {Global Biogeochemical Cycles},
  author = {Li, Zuchuan and Cassar, Nicolas},
  month = may,
  year = {2016},
  keywords = {0414 Biogeochemical cycles; processes; and modeling,0428 Carbon cycling,0480 Remote sensing,0430 Computational methods and data processing,genetic programming,net community production,O2/Ar,satellite observations,support vector regression},
  pages = {2015GB005314},
  file = {/Users/tylerrohr/Zotero/storage/PFSSMFQN/abstract.html}
}

@article{LargeOceanicverticalmixing1994,
  title = {Oceanic Vertical Mixing: {{A}} Review and a Model with a Nonlocal Boundary Layer Parameterization},
  volume = {32},
  issn = {1944-9208},
  shorttitle = {Oceanic Vertical Mixing},
  doi = {10.1029/94RG01872},
  language = {en},
  number = {4},
  journal = {Reviews of Geophysics},
  author = {Large, W. G. and McWilliams, J. C. and Doney, S. C.},
  month = nov,
  year = {1994},
  keywords = {4504 Air/sea interactions,4568 Turbulence; diffusion; and mixing processes},
  pages = {363--403}
}

@article{LancelotSpatialdistributioniron2009,
  title = {Spatial Distribution of the Iron Supply to Phytoplankton in the {{Southern Ocean}}: A Model Study},
  volume = {6},
  issn = {1726-4189},
  shorttitle = {Spatial Distribution of the Iron Supply to Phytoplankton in the {{Southern Ocean}}},
  doi = {10.5194/bg-6-2861-2009},
  number = {12},
  journal = {Biogeosciences},
  author = {Lancelot, C. and {de Montety}, A. and Goosse, H. and Becquevort, S. and Schoemann, V. and Pasquer, B. and Vancoppenolle, M.},
  month = dec,
  year = {2009},
  pages = {2861--2878},
  file = {/Users/tylerrohr/Zotero/storage/BI9NMVCC/Lancelot et al. - 2009 - Spatial distribution of the iron supply to phytopl.pdf}
}

@article{FennelImpactsironcontrol2003,
  title = {Impacts of Iron Control on Phytoplankton Production in the Modern and Glacial {{Southern Ocean}}},
  volume = {50},
  doi = {10.1016/S0967-0645(02)00596-9},
  journal = {Deep-Sea Research II},
  author = {Fennel, Katja and Abbott, Mark and Spitz, Yh and Richman, James and M. Nelson, David},
  month = mar,
  year = {2003},
  pages = {833--851}
}

@article{DucklowMarinepelagicecosystems2007,
  title = {Marine Pelagic Ecosystems: The {{West Antarctic Peninsula}}},
  volume = {362},
  issn = {0962-8436},
  shorttitle = {Marine Pelagic Ecosystems},
  doi = {10.1098/rstb.2006.1955},
  number = {1477},
  journal = {Philosophical Transactions of the Royal Society B: Biological Sciences},
  author = {Ducklow, Hugh W and Baker, Karen and Martinson, Douglas G and Quetin, Langdon B and Ross, Robin M and Smith, Raymond C and Stammerjohn, Sharon E and Vernet, Maria and Fraser, William},
  month = jan,
  year = {2007},
  pages = {67--94},
  file = {/Users/tylerrohr/Zotero/storage/85K2XSWP/Ducklow et al. - 2007 - Marine pelagic ecosystems the West Antarctic Peni.pdf},
  pmid = {17405208},
  pmcid = {PMC1764834}
}

@article{ChaseControlsbiogenicsilica2015,
  title = {Controls on Biogenic Silica Burial in the {{Southern Ocean}}},
  volume = {29},
  issn = {1944-9224},
  doi = {10.1002/2015GB005186},
  language = {en},
  number = {10},
  journal = {Global Biogeochemical Cycles},
  author = {Chase, Zanna and Kohfeld, Karen E. and Matsumoto, Katsumi},
  month = oct,
  year = {2015},
  keywords = {iron,4845 Nutrients and nutrient cycling,4805 Biogeochemical cycles; processes; and modeling,Southern Ocean,4207 Arctic and Antarctic oceanography,sea ice,4912 Biogeochemical cycles; processes; and modeling,opal,silicic acid,thorium-230},
  pages = {2015GB005186},
  file = {/Users/tylerrohr/Zotero/storage/5JTN8IYK/Chase et al. - 2015 - Controls on biogenic silica burial in the Southern.pdf;/Users/tylerrohr/Zotero/storage/PLJIKGX5/abstract.html}
}

@article{Carrcomparisonglobalestimates2006,
  series = {The US JGOFS Synthesis and Modeling Project: Phase III},
  title = {A Comparison of Global Estimates of Marine Primary Production from Ocean Color},
  volume = {53},
  issn = {0967-0645},
  doi = {10.1016/j.dsr2.2006.01.028},
  number = {5},
  journal = {Deep Sea Research Part II: Topical Studies in Oceanography},
  author = {Carr, Mary-Elena and Friedrichs, Marjorie A. M. and Schmeltz, Marjorie and Noguchi Aita, Maki and Antoine, David and Arrigo, Kevin R. and Asanuma, Ichio and Aumont, Olivier and Barber, Richard and Behrenfeld, Michael and Bidigare, Robert and Buitenhuis, Erik T. and Campbell, Janet and Ciotti, Aurea and Dierssen, Heidi and Dowell, Mark and Dunne, John and Esaias, Wayne and Gentili, Bernard and Gregg, Watson and Groom, Steve and Hoepffner, Nicolas and Ishizaka, Joji and Kameda, Takahiko and Le Qu{\'e}r{\'e}, Corinne and Lohrenz, Steven and Marra, John and M{\'e}lin, Fr{\'e}d{\'e}ric and Moore, Keith and Morel, Andr{\'e} and Reddy, Tasha E. and Ryan, John and Scardi, Michele and Smyth, Tim and Turpie, Kevin and Tilstone, Gavin and Waters, Kirk and Yamanaka, Yasuhiro},
  month = mar,
  year = {2006},
  pages = {741--770},
  file = {/Users/tylerrohr/Zotero/storage/4BPZD8UV/S0967064506000555.html}
}

@article{CampbellComparisonalgorithmsestimating2002,
  title = {Comparison of Algorithms for Estimating Ocean Primary Production from Surface Chlorophyll, Temperature, and Irradiance},
  volume = {16},
  issn = {1944-9224},
  doi = {10.1029/2001GB001444},
  language = {en},
  number = {3},
  journal = {Global Biogeochemical Cycles},
  author = {Campbell, Janet and Antoine, David and Armstrong, Robert and Arrigo, Kevin and Balch, William and Barber, Richard and Behrenfeld, Michael and Bidigare, Robert and Bishop, James and Carr, Mary-Elena and Esaias, Wayne and Falkowski, Paul and Hoepffner, Nicolas and Iverson, Richard and Kiefer, Dale and Lohrenz, Steven and Marra, John and Morel, Andre and Ryan, John and Vedernikov, Vladimir and Waters, Kirk and Yentsch, Charles and Yoder, James},
  month = sep,
  year = {2002},
  keywords = {4275 Remote sensing and electromagnetic processes,4806 Carbon cycling,4853 Photosynthesis,4805 Biogeochemical cycles; processes; and modeling,remote sensing,primary productivity,chlorophyll,ocean color,4894 Instruments; sensors; and techniques,algorithms,satellite},
  pages = {9--1},
  file = {/Users/tylerrohr/Zotero/storage/KLN4DJWD/Campbell et al. - 2002 - Comparison of algorithms for estimating ocean prim.pdf;/Users/tylerrohr/Zotero/storage/6SQG553S/abstract.html}
}

@article{Boydmesoscalephytoplanktonbloom2000,
  title = {A Mesoscale Phytoplankton Bloom in the Polar {{Southern Ocean}} Stimulated by Iron Fertilization},
  volume = {407},
  copyright = {2000 Nature Publishing Group},
  issn = {1476-4687},
  doi = {10.1038/35037500},
  language = {En},
  number = {6805},
  journal = {Nature},
  author = {Boyd, Philip W. and Watson, Andrew J. and Law, Cliff S. and Abraham, Edward R. and Trull, Thomas and Murdoch, Rob and Bakker, Dorothee C. E. and Bowie, Andrew R. and Buesseler, K. O. and Chang, Hoe and Charette, Matthew and Croot, Peter and Downing, Ken and Frew, Russell and Gall, Mark and Hadfield, Mark and Hall, Julie and Harvey, Mike and Jameson, Greg and LaRoche, Julie and Liddicoat, Malcolm and Ling, Roger and Maldonado, Maria T. and McKay, R. Michael and Nodder, Scott and Pickmere, Stu and Pridmore, Rick and Rintoul, Steve and Safi, Karl and Sutton, Philip and Strzepek, Robert and Tanneberger, Kim and Turner, Suzanne and Waite, Anya and Zeldis, John},
  month = oct,
  year = {2000},
  pages = {695},
  file = {/Users/tylerrohr/Zotero/storage/TGVGE66Q/35037500.html}
}

@article{AsperParticlefluxesaustral1999,
  title = {Particle Fluxes during Austral Spring and Summer in the Southern {{Ross Sea}}, {{Antarctica}}},
  volume = {104},
  issn = {2156-2202},
  doi = {10.1029/1998JC900067},
  language = {en},
  number = {C3},
  journal = {Journal of Geophysical Research: Oceans},
  author = {Asper, Vernon L. and Smith, Walker O.},
  month = mar,
  year = {1999},
  keywords = {4806 Carbon cycling,4504 Air/sea interactions,4500 Oceanography: Physical},
  pages = {5345--5359},
  file = {/Users/tylerrohr/Zotero/storage/EMM24LAF/Asper and Smith - 1999 - Particle fluxes during austral spring and summer i.pdf;/Users/tylerrohr/Zotero/storage/88YP9UYM/abstract.html}
}

@article{ArrigoPhytoplanktoncommunitystructure1999,
  title = {Phytoplankton Community Structure and the Drawdown of Nutrients and {{CO2}} in the Southern Ocean},
  volume = {283},
  issn = {1095-9203},
  language = {eng},
  number = {5400},
  journal = {Science (New York, N.Y.)},
  author = {Arrigo, null and Robinson, null and Worthen, null and Dunbar, null and DiTullio, null and VanWoert, null and Lizotte, null},
  month = jan,
  year = {1999},
  pages = {365--367},
  pmid = {9888847}
}

@article{BaarImportanceironplankton1995b,
  title = {Importance of Iron for Plankton Blooms and Carbon Dioxide Drawdown in the {{Southern Ocean}}},
  volume = {373},
  copyright = {1995 Nature Publishing Group},
  issn = {1476-4687},
  doi = {10.1038/373412a0},
  language = {En},
  number = {6513},
  journal = {Nature},
  author = {de Baar, Hein J. W. and de Jong, Jeroen T. M. and Bakker, Doroth{\'e}e C. E. and L{\"o}scher, Bettina M. and Veth, Cornelis and Bathmann, Uli and Smetacek, Victor},
  month = feb,
  year = {1995},
  pages = {412},
  file = {/Users/tylerrohr/Zotero/storage/8IY7MKHL/373412a0.html}
}

@article{Faghmousdailyglobalmesoscale2015a,
  title = {A Daily Global Mesoscale Ocean Eddy Dataset from Satellite Altimetry},
  volume = {2},
  copyright = {2015 Nature Publishing Group},
  issn = {2052-4463},
  doi = {10.1038/sdata.2015.28},
  language = {En},
  journal = {Scientific Data},
  author = {Faghmous, James H. and Frenger, Ivy and Yao, Yuanshun and Warmka, Robert and Lindell, Aron and Kumar, Vipin},
  month = jun,
  year = {2015},
  pages = {150028},
  file = {/Users/tylerrohr/Zotero/storage/E22FIPUS/Faghmous et al. - 2015 - A daily global mesoscale ocean eddy dataset from s.pdf;/Users/tylerrohr/Zotero/storage/J9PLVS5C/sdata201528.html}
}

@misc{LeTraonEddydynamicssatellite,
  title = {{Eddy dynamics from satellite altimetry}},
  language = {http://id.loc.gov/vocabulary/iso639-2/eng},
  author = {Le Traon, P. Y. and Fu, L. L. and Chelton, D. B. and Morrow, R.},
  file = {/Users/tylerrohr/Zotero/storage/JI9FJ7MJ/zw12z672f.html}
}

@article{AndersonImpacteddywind2010,
  title = {Impact of Eddy\textendash{}wind Interaction on Eddy Demographics and Phytoplankton Community Structure in a Model of the {{North Atlantic Ocean}}},
  language = {en\_US},
  author = {Anderson, Laurence A. and McGillicuddy, Dennis J. and Maltrud, Mathew E. and Lima, Ivan D. and Doney, Scott C.},
  month = dec,
  year = {2010},
  file = {/Users/tylerrohr/Zotero/storage/QECZ52UZ/Anderson et al. - 2010 - Impact of eddy–wind interaction on eddy demographi.pdf;/Users/tylerrohr/Zotero/storage/VBTGLMU4/4901.html}
}

@phdthesis{FrengerSouthernOceaneddies2013,
  type = {Doctoral {{Thesis}}},
  title = {On {{Southern Ocean}} Eddies and Their Impacts on Biology and the Atmosphere},
  copyright = {http://rightsstatements.org/page/InC-NC/1.0/},
  language = {en},
  school = {ETH Zurich},
  author = {Frenger, Ivy},
  year = {2013},
  file = {/Users/tylerrohr/Zotero/storage/SYTLCYWH/Frenger - 2013 - On Southern Ocean eddies and their impacts on biol.pdf;/Users/tylerrohr/Zotero/storage/KPJBCKEI/71732.html},
  doi = {10.3929/ethz-a-009938120}
}

@article{FrengerSouthernOceaneddy2015,
  title = {Southern {{Ocean}} Eddy Phenomenology},
  volume = {120},
  issn = {2169-9291},
  doi = {10.1002/2015JC011047},
  language = {en},
  number = {11},
  journal = {Journal of Geophysical Research: Oceans},
  author = {Frenger, I. and M{\"u}nnich, M. and Gruber, N. and Knutti, R.},
  month = nov,
  year = {2015},
  keywords = {Southern Ocean,mesoscale eddies,observations},
  pages = {7413--7449},
  file = {/Users/tylerrohr/Zotero/storage/7IFBYMJX/Frenger et al. - 2015 - Southern Ocean eddy phenomenology.pdf;/Users/tylerrohr/Zotero/storage/MVSBU3AF/abstract.html}
}

@article{FrengerImprintSouthernOcean2018,
  title = {Imprint of {{Southern Ocean}} Eddies on Chlorophyll},
  doi = {10.5194/bg-2018-70},
  journal = {Biogeosciences Discussions},
  author = {Frenger, Ivy and M{\"u}nnich, Matthias and Gruber, Nicolas},
  month = feb,
  year = {2018},
  pages = {1--26}
}

@article{McGillicuddyEddywindinteractions2007,
  title = {Eddy/Wind Interactions Stimulate Extraordinary Mid-Ocean Plankton Blooms},
  volume = {316},
  issn = {1095-9203},
  doi = {10.1126/science.1136256},
  language = {eng},
  number = {5827},
  journal = {Science (New York, N.Y.)},
  author = {McGillicuddy, Dennis J. and Anderson, Laurence A. and Bates, Nicholas R. and Bibby, Thomas and Buesseler, Ken O. and Carlson, Craig A. and Davis, Cabell S. and Ewart, Courtney and Falkowski, Paul G. and Goldthwait, Sarah A. and Hansell, Dennis A. and Jenkins, William J. and Johnson, Rodney and Kosnyrev, Valery K. and Ledwell, James R. and Li, Qian P. and Siegel, David A. and Steinberg, Deborah K.},
  month = may,
  year = {2007},
  keywords = {Phytoplankton,Animals,Biomass,Chlorophyll,Ecosystem,Seasons,Seawater,Wind,Atlantic Ocean,Carbon,Cyanobacteria,Diatoms,Geologic Sediments,Oxygen,Photosynthesis,Plankton,Water Movements,Zooplankton},
  pages = {1021--1026},
  pmid = {17510363}
}

@article{MartinMechanismsverticalnutrient2001,
  title = {Mechanisms for Vertical Nutrient Transport within {{North Atlantic}} Mesoscale Eddy},
  volume = {48},
  doi = {10.1016/S0967-0645(00)00096-5},
  journal = {Deep-sea Research Part Ii-topical Studies in Oceanography - DEEP-SEA RES PT II-TOP ST OCE},
  author = {Martin, Adrian and Richards, Kelvin J.},
  month = dec,
  year = {2001},
  pages = {757--773}
}

@article{EdenEffectsmesoscaleeddy2009,
  title = {Effects of Mesoscale Eddy/Wind Interactions on Biological New Production and Eddy Kinetic Energy},
  volume = {114},
  issn = {2156-2202},
  doi = {10.1029/2008JC005129},
  language = {en},
  number = {C5},
  journal = {Journal of Geophysical Research: Oceans},
  author = {Eden, Carsten and Dietze, Heiner},
  month = may,
  year = {2009},
  keywords = {4520 Eddies and mesoscale processes,0428 Carbon cycling,4572 Upper ocean and mixed layer processes,4504 Air/sea interactions,4279 Upwelling and convergences,eddy/wind interaction,meso-scale eddies,new production},
  pages = {C05023},
  file = {/Users/tylerrohr/Zotero/storage/KRLWY3CM/Eden and Dietze - 2009 - Effects of mesoscale eddywind interactions on bio.pdf;/Users/tylerrohr/Zotero/storage/KY8DXUB7/abstract.html}
}

@article{R.LedwellNutrientfluxintense2008,
  title = {Nutrient Flux into an Intense Deep Chlorophyll Layer in a Mode-Water Eddy},
  volume = {55},
  doi = {10.1016/j.dsr2.2008.02.005},
  journal = {Deep Sea Research Part II: Topical Studies in Oceanography},
  author = {R. Ledwell, James and Mcgillicuddy, Dennis and Anderson, Laurence},
  month = may,
  year = {2008},
  pages = {1139--1160}
}

@article{FlierlParticlemotionslargeamplitude1981,
  title = {Particle Motions in Large-Amplitude Wave Fields},
  volume = {18},
  issn = {0309-1929},
  doi = {10.1080/03091928108208773},
  number = {1-2},
  journal = {Geophysical \& Astrophysical Fluid Dynamics},
  author = {Flierl, Glenn R.},
  month = aug,
  year = {1981},
  pages = {39--74},
  file = {/Users/tylerrohr/Zotero/storage/IMA8ESH8/03091928108208773.html}
}

@article{GaubeSatelliteobservationschlorophyll2013,
  title = {Satellite Observations of Chlorophyll, Phytoplankton Biomass, and {{Ekman}} Pumping in Nonlinear Mesoscale Eddies},
  volume = {118},
  issn = {2169-9291},
  doi = {10.1002/2013JC009027},
  language = {en},
  number = {12},
  journal = {Journal of Geophysical Research: Oceans},
  author = {Gaube, P. and Chelton, D. B. and Strutton, P. G. and Behrenfeld, M. J.},
  month = dec,
  year = {2013},
  keywords = {4520 Eddies and mesoscale processes,4853 Photosynthesis,4855 Phytoplankton,phytoplankton,4572 Upper ocean and mixed layer processes,Ekman pumping,4504 Air/sea interactions,chlorophyll,mesoscale eddies,Indian Ocean,satellites},
  pages = {6349--6370},
  file = {/Users/tylerrohr/Zotero/storage/HN322A45/Gaube et al. - 2013 - Satellite observations of chlorophyll, phytoplankt.pdf;/Users/tylerrohr/Zotero/storage/6CGEG4BB/abstract.html}
}

@article{McGillicuddyMechanismsPhysicalBiologicalBiogeochemicalInteraction2016,
  title = {Mechanisms of {{Physical}}-{{Biological}}-{{Biogeochemical Interaction}} at the {{Oceanic Mesoscale}}},
  volume = {8},
  doi = {10.1146/annurev-marine-010814-015606},
  number = {1},
  journal = {Annual Review of Marine Science},
  author = {McGillicuddy, Dennis J.},
  year = {2016},
  pages = {125--159},
  pmid = {26359818}
}

@article{SongAnomalouschlorofluorocarbonuptake2015,
  title = {Anomalous Chlorofluorocarbon Uptake by Mesoscale Eddies in the {{Drake Passage}} Region},
  volume = {120},
  issn = {2169-9291},
  doi = {10.1002/2014JC010292},
  language = {en},
  number = {2},
  journal = {Journal of Geophysical Research: Oceans},
  author = {Song, Hajoon and Marshall, John and Gaube, Peter and McGillicuddy, Dennis J.},
  month = feb,
  year = {2015},
  keywords = {4520 Eddies and mesoscale processes,Southern Ocean,mesoscale eddies,3339 Ocean/atmosphere interactions,4820 Gases,air-sea flux,chlorofluorocarbon-11},
  pages = {1065--1078},
  file = {/Users/tylerrohr/Zotero/storage/CZV8STUM/Song et al. - 2015 - Anomalous chlorofluorocarbon uptake by mesoscale e.pdf;/Users/tylerrohr/Zotero/storage/NM4KLBXU/abstract.html}
}

@article{GaubeinfluenceGulfStream2017,
  title = {The Influence of {{Gulf Stream}} Eddies and Meanders on Near-Surface Chlorophyll},
  volume = {122},
  issn = {0967-0637},
  doi = {10.1016/j.dsr.2017.02.006},
  journal = {Deep Sea Research Part I: Oceanographic Research Papers},
  author = {Gaube, Peter and McGillicuddy, Dennis J.},
  month = apr,
  year = {2017},
  pages = {1--16},
  file = {/Users/tylerrohr/Zotero/storage/853INV24/S0967063715300868.html}
}

@article{ZhangImpactsMesoscaleEddies2018,
  title = {Impacts of {{Mesoscale Eddies}} on the {{Vertical Nitrate Flux}} in the {{Gulf Stream Region}}},
  doi = {10.1002/2017JC013402},
  journal = {Journal of Geophysical Research: Oceans},
  author = {Zhang, Shuwen and N. Curchitser, Enrique and Kang, Dujuan and A. Stock, Charles and Dussin, Raphael},
  month = jan,
  year = {2018}
}

@article{ChaigneauEddyactivityfour2009,
  series = {Eastern Boundary Upwelling Ecosystems: Integrative and Comparative Approaches},
  title = {Eddy Activity in the Four Major Upwelling Systems from Satellite Altimetry (1992\textendash{}2007)},
  volume = {83},
  issn = {0079-6611},
  doi = {10.1016/j.pocean.2009.07.012},
  number = {1},
  journal = {Progress in Oceanography},
  author = {Chaigneau, Alexis and Eldin, G{\'e}rard and Dewitte, Boris},
  month = dec,
  year = {2009},
  pages = {117--123},
  file = {/Users/tylerrohr/Zotero/storage/XHY2HNZU/S0079661109001013.html}
}

@article{LehahnLongrangetransport2011,
  title = {Long Range Transport of a Quasi Isolated Chlorophyll Patch by an {{Agulhas}} Ring},
  volume = {38},
  issn = {1944-8007},
  doi = {10.1029/2011GL048588},
  language = {en},
  number = {16},
  journal = {Geophysical Research Letters},
  author = {Lehahn, Yoav and {d'Ovidio}, Francesco and L{\'e}vy, Marina and Amitai, Yael and Heifetz, Eyal},
  month = aug,
  year = {2011},
  keywords = {4520 Eddies and mesoscale processes,4855 Phytoplankton,chlorophyll,mesoscale eddies,Agulhas rings,eddy permeability,transport},
  pages = {L16610},
  file = {/Users/tylerrohr/Zotero/storage/IS2FLQ9I/Lehahn et al. - 2011 - Long range transport of a quasi isolated chlorophy.pdf;/Users/tylerrohr/Zotero/storage/VW7VN3VU/abstract.html}
}

@article{EarlyEvolutionPropagationQuasigeostrophic2011,
  title = {The {{Evolution}} and {{Propagation}} of {{Quasigeostrophic Ocean Eddies}}},
  volume = {41},
  issn = {0022-3670},
  doi = {10.1175/2011JPO4601.1},
  number = {8},
  journal = {Journal of Physical Oceanography},
  author = {Early, Jeffrey J. and Samelson, R. M. and Chelton, Dudley B.},
  month = mar,
  year = {2011},
  pages = {1535--1555},
  file = {/Users/tylerrohr/Zotero/storage/U7LR5X62/Early et al. - 2011 - The Evolution and Propagation of Quasigeostrophic .pdf;/Users/tylerrohr/Zotero/storage/GHIAIKX3/2011JPO4601.html}
}

@article{FalkowskiRoleeddypumping1991,
  title = {Role of Eddy Pumping in Enhancing Primary Production in the Ocean},
  volume = {352},
  copyright = {1991 Nature Publishing Group},
  issn = {1476-4687},
  doi = {10.1038/352055a0},
  language = {En},
  number = {6330},
  journal = {Nature},
  author = {Falkowski, Paul G. and Ziemann, David and Kolber, Zbigniew and Bienfang, Paul K.},
  month = jul,
  year = {1991},
  pages = {55},
  file = {/Users/tylerrohr/Zotero/storage/XI7DTH2U/352055a0.html}
}

@article{McGillicuddyInfluencemesoscaleeddies1998,
  title = {Influence of Mesoscale Eddies on New Production in the {{Sargasso Sea}}},
  volume = {394},
  copyright = {1998 Nature Publishing Group},
  issn = {1476-4687},
  doi = {10.1038/28367},
  language = {En},
  number = {6690},
  journal = {Nature},
  author = {McGillicuddy, D. J. and Robinson, A. R. and Siegel, D. A. and Jannasch, H. W. and Johnson, R. and Dickey, T. D. and McNeil, J. and Michaels, A. F. and Knap, A. H.},
  month = jul,
  year = {1998},
  pages = {263},
  file = {/Users/tylerrohr/Zotero/storage/QE2H4QAT/28367.html}
}

@article{FranksPredictionphytoplanktongrowth1986,
  title = {Prediction of Phytoplankton Growth in Response to the Frictional Decay of a Warm-Core Ring},
  volume = {91},
  issn = {2156-2202},
  doi = {10.1029/JC091iC06p07603},
  language = {en},
  number = {C6},
  journal = {Journal of Geophysical Research: Oceans},
  author = {Franks, Peter J. S. and Wroblewski, J. S. and Flierl, Glenn R.},
  month = jun,
  year = {1986},
  keywords = {4520 Eddies and mesoscale processes,4855 Phytoplankton,4890 Zooplankton},
  pages = {7603--7610},
  file = {/Users/tylerrohr/Zotero/storage/B4HSKLIE/abstract.html}
}

@article{Levyonsetbloomdeep1998,
  title = {The Onset of a Bloom after Deep Winter Convection in the Northwestern {{Mediterranean}} Sea: Mesoscale Process Study with a Primitive Equation Model},
  volume = {16},
  issn = {0924-7963},
  shorttitle = {The Onset of a Bloom after Deep Winter Convection in the Northwestern {{Mediterranean}} Sea},
  doi = {10.1016/S0924-7963(97)00097-3},
  number = {1},
  journal = {Journal of Marine Systems},
  author = {L{\'e}vy, Marina and M{\'e}mery, Laurent and Madec, Gurvan},
  month = sep,
  year = {1998},
  keywords = {primary production,bloom,mesoscale,models},
  pages = {7--21},
  file = {/Users/tylerrohr/Zotero/storage/N4PWWY44/S0924796397000973.html}
}

@article{LevyonsetSpringBloom1999,
  title = {The Onset of the {{Spring Bloom}} in the {{MEDOC}} Area: Mesoscale Spatial Variability},
  volume = {46},
  issn = {0967-0637},
  shorttitle = {The Onset of the {{Spring Bloom}} in the {{MEDOC}} Area},
  doi = {10.1016/S0967-0637(98)00105-8},
  number = {7},
  journal = {Deep Sea Research Part I: Oceanographic Research Papers},
  author = {L{\'e}vy, Marina and M{\'e}mery, Laurent and Madec, Gurvan},
  month = jul,
  year = {1999},
  pages = {1137--1160},
  file = {/Users/tylerrohr/Zotero/storage/UHPMJ72A/S0967063798001058.html}
}

@article{CheltonGlobalobservationsnonlinear2011,
  title = {Global Observations of Nonlinear Mesoscale Eddies},
  volume = {91},
  issn = {0079-6611},
  doi = {10.1016/j.pocean.2011.01.002},
  number = {2},
  journal = {Progress in Oceanography},
  author = {Chelton, Dudley B. and Schlax, Michael G. and Samelson, Roger M.},
  month = oct,
  year = {2011},
  pages = {167--216},
  file = {/Users/tylerrohr/Zotero/storage/NSGDPE22/S0079661111000036.html}
}

@article{SiegelMesoscaleeddiessatellite1999,
  title = {Mesoscale Eddies, Satellite Altimetry, and New Production in the {{Sargasso Sea}}},
  volume = {104},
  issn = {2156-2202},
  doi = {10.1029/1999JC900051},
  language = {en},
  number = {C6},
  journal = {Journal of Geophysical Research: Oceans},
  author = {Siegel, David A. and McGillicuddy, Dennis J. and Fields, Erik A.},
  month = jun,
  year = {1999},
  keywords = {4200 Oceanography: General,4203 Oceanography: General: Analytical modeling and laboratory experiments},
  pages = {13359--13379},
  file = {/Users/tylerrohr/Zotero/storage/47XP275D/Siegel et al. - 1999 - Mesoscale eddies, satellite altimetry, and new pro.pdf;/Users/tylerrohr/Zotero/storage/XCJAG4IB/abstract.html}
}

@article{SiegelSatellitesituobservations2008,
  series = {Mesoscale Physical-Biological-Biogeochemical Linkages in the Open Ocean: Results from the E-FLUX and EDDIES Programs},
  title = {Satellite and in Situ Observations of the Bio-Optical Signatures of Two Mesoscale Eddies in the {{Sargasso Sea}}},
  volume = {55},
  issn = {0967-0645},
  doi = {10.1016/j.dsr2.2008.01.012},
  number = {10},
  journal = {Deep Sea Research Part II: Topical Studies in Oceanography},
  author = {Siegel, D. A. and Court, D. B. and Menzies, D. W. and Peterson, P. and Maritorena, S. and Nelson, N. B.},
  month = may,
  year = {2008},
  keywords = {Bio-optics,Mesoscale eddies,Remote sensing,Sargasso Sea,Satellite ocean color},
  pages = {1218--1230},
  file = {/Users/tylerrohr/Zotero/storage/GU468BPW/S0967064508000830.html}
}

@article{SiegelBioopticalfootprintscreated2011,
  title = {Bio-Optical Footprints Created by Mesoscale Eddies in the {{Sargasso Sea}}},
  volume = {38},
  issn = {1944-8007},
  doi = {10.1029/2011GL047660},
  language = {en},
  number = {13},
  journal = {Geophysical Research Letters},
  author = {Siegel, D. A. and Peterson, P. and McGillicuddy, D. J. and Maritorena, S. and Nelson, N. B.},
  month = jul,
  year = {2011},
  keywords = {4275 Remote sensing and electromagnetic processes,4520 Eddies and mesoscale processes,4273 Physical and biogeochemical interactions,4264 Ocean optics,ocean color remote sensing,mesoscale eddies,bio-physical coupling,eddy pumping},
  pages = {L13608},
  file = {/Users/tylerrohr/Zotero/storage/FU4MXESF/Siegel et al. - 2011 - Bio-optical footprints created by mesoscale eddies.pdf;/Users/tylerrohr/Zotero/storage/9K8M5AW2/abstract.html}
}

@article{SamelsonRandomnessSymmetryScaling2013,
  title = {Randomness, {{Symmetry}}, and {{Scaling}} of {{Mesoscale Eddy Life Cycles}}},
  volume = {44},
  issn = {0022-3670},
  doi = {10.1175/JPO-D-13-0161.1},
  number = {3},
  journal = {Journal of Physical Oceanography},
  author = {Samelson, R. M. and Schlax, M. G. and Chelton, D. B.},
  month = dec,
  year = {2013},
  pages = {1012--1029},
  file = {/Users/tylerrohr/Zotero/storage/X6W6IERZ/Samelson et al. - 2013 - Randomness, Symmetry, and Scaling of Mesoscale Edd.pdf;/Users/tylerrohr/Zotero/storage/X8KPPV5X/JPO-D-13-0161.html}
}

@article{DewarEffectsWindRings1987,
  title = {Some {{Effects}} of the {{Wind}} on {{Rings}}},
  volume = {17},
  issn = {0022-3670},
  doi = {10.1175/1520-0485(1987)017<1653:SEOTWO>2.0.CO;2},
  number = {10},
  journal = {Journal of Physical Oceanography},
  author = {Dewar, William K. and Flierl, Glenn R.},
  month = oct,
  year = {1987},
  pages = {1653--1667},
  file = {/Users/tylerrohr/Zotero/storage/33Z4JFTC/Dewar and Flierl - 1987 - Some Effects of the Wind on Rings.pdf;/Users/tylerrohr/Zotero/storage/J6QFAKLG/1520-0485(1987)0171653SEOTWO2.0.html}
}

@article{CheltonSatelliteMeasurementsReveal2004,
  title = {Satellite {{Measurements Reveal Persistent Small}}-{{Scale Features}} in {{Ocean Winds}}},
  issn = {0036-8075, 1095-9203},
  doi = {10.1126/science.1091901},
  language = {en},
  journal = {Science},
  author = {Chelton, Dudley B. and Schlax, Michael G. and Freilich, Michael H. and Milliff, Ralph F.},
  month = jan,
  year = {2004},
  file = {/Users/tylerrohr/Zotero/storage/4573M6KU/science.html},
  pmid = {14726595}
}

@article{GaubeSatelliteObservationsMesoscale2014,
  title = {Satellite {{Observations}} of {{Mesoscale Eddy}}-{{Induced Ekman Pumping}}},
  volume = {45},
  issn = {0022-3670},
  doi = {10.1175/JPO-D-14-0032.1},
  number = {1},
  journal = {Journal of Physical Oceanography},
  author = {Gaube, Peter and Chelton, Dudley B. and Samelson, Roger M. and Schlax, Michael G. and O'Neill, Larry W.},
  month = oct,
  year = {2014},
  pages = {104--132},
  file = {/Users/tylerrohr/Zotero/storage/BTV6QBY7/Gaube et al. - 2014 - Satellite Observations of Mesoscale Eddy-Induced E.pdf;/Users/tylerrohr/Zotero/storage/L9ZU3MPH/JPO-D-14-0032.html}
}

@article{ONeillEffectsSSTInducedSurface2010,
  title = {The {{Effects}} of {{SST}}-{{Induced Surface Wind Speed}} and {{Direction Gradients}} on {{Midlatitude Surface Vorticity}} and {{Divergence}}},
  volume = {23},
  issn = {0894-8755},
  doi = {10.1175/2009JCLI2613.1},
  number = {2},
  journal = {Journal of Climate},
  author = {O'Neill, Larry W. and Chelton, Dudley B. and Esbensen, Steven K.},
  month = jan,
  year = {2010},
  pages = {255--281},
  file = {/Users/tylerrohr/Zotero/storage/9UJTPNTM/O’Neill et al. - 2010 - The Effects of SST-Induced Surface Wind Speed and .pdf;/Users/tylerrohr/Zotero/storage/ALNYUBI5/2009JCLI2613.html}
}

@article{LedwellNutrientfluxintense2008,
  series = {Mesoscale Physical-Biological-Biogeochemical Linkages in the Open Ocean: Results from the E-FLUX and EDDIES Programs},
  title = {Nutrient Flux into an Intense Deep Chlorophyll Layer in a Mode-Water Eddy},
  volume = {55},
  issn = {0967-0645},
  doi = {10.1016/j.dsr2.2008.02.005},
  number = {10},
  journal = {Deep Sea Research Part II: Topical Studies in Oceanography},
  author = {Ledwell, James R. and McGillicuddy, Dennis J. and Anderson, Laurence A.},
  month = may,
  year = {2008},
  keywords = {Ekman pumping,Mesoscale eddies,Biological production,Mixing processes,Nitrogen cycle,Tracer techniques},
  pages = {1139--1160},
  file = {/Users/tylerrohr/Zotero/storage/HZIHHDWX/S0967064508000672.html}
}

@article{FerrariOceanCirculationKinetic2008,
  title = {Ocean {{Circulation Kinetic Energy}} \textemdash{} {{Reservoirs}} , {{Sources}} and {{Sinks}} : {{Supplementary Material}}},
  shorttitle = {Ocean {{Circulation Kinetic Energy}} \textemdash{} {{Reservoirs}} , {{Sources}} and {{Sinks}}},
  journal = {Annu. Rev. Fluid Mech.},
  author = {Ferrari, Raffaele and Wunsch, C},
  month = jan,
  year = {2008},
  pages = {1--13}
}

@article{RodriguezMesoscaleverticalmotion2001,
  title = {Mesoscale Vertical Motion and the Size Structure of Phytoplankton in the Ocean},
  volume = {410},
  copyright = {2001 Nature Publishing Group},
  issn = {1476-4687},
  doi = {10.1038/35066560},
  language = {En},
  number = {6826},
  journal = {Nature},
  author = {Rodr{\'\i}guez, Jaime and Tintor{\'e}, Joaqu{\'\i}n and Allen, John T. and Blanco, Jos{\'e} Ma and Gomis, Dami{\`a} and Reul, Andreas and Ruiz, Javier and Rodr{\'\i}guez, Valeriano and Echevarr{\'\i}a, Fidel and Jim{\'e}nez-G{\'o}mez, Francisco},
  month = mar,
  year = {2001},
  pages = {360},
  file = {/Users/tylerrohr/Zotero/storage/AR9KF7Y8/35066560.html}
}

@article{ClaytonBiogeochemicalecologicalconsequences2017,
  title = {Biogeochemical versus Ecological Consequences of Modeled Ocean Physics},
  volume = {14},
  issn = {1726-4189},
  doi = {10.5194/bg-14-2877-2017},
  number = {11},
  journal = {Biogeosciences},
  author = {Clayton, S. and Dutkiewicz, S. and Jahn, O. and Hill, C. and Heimbach, P. and Follows, M. J.},
  month = jun,
  year = {2017},
  pages = {2877--2889},
  file = {/Users/tylerrohr/Zotero/storage/5LG4MG5M/Clayton et al. - 2017 - Biogeochemical versus ecological consequences of m.pdf}
}

@article{HausmannObservedmesoscaleeddy2017,
  title = {Observed Mesoscale Eddy Signatures in {{Southern Ocean}} Surface Mixed-Layer Depth},
  volume = {122},
  issn = {2169-9291},
  doi = {10.1002/2016JC012225},
  language = {en},
  number = {1},
  journal = {Journal of Geophysical Research: Oceans},
  author = {Hausmann, U. and McGillicuddy, Dennis J. and Marshall, John},
  month = jan,
  year = {2017},
  keywords = {4520 Eddies and mesoscale processes,4572 Upper ocean and mixed layer processes,4504 Air/sea interactions,Antarctic Circumpolar Current,Argo,satellite altimetry},
  pages = {617--635},
  file = {/Users/tylerrohr/Zotero/storage/EW6UPWUH/abstract.html}
}

@article{DufoisAnticycloniceddiesare2016,
  title = {Anticyclonic Eddies Are More Productive than Cyclonic Eddies in Subtropical Gyres Because of Winter Mixing},
  volume = {2},
  copyright = {Copyright \textcopyright{} 2016, The Authors. This is an open-access article distributed under the terms of the Creative Commons Attribution-NonCommercial license, which permits use, distribution, and reproduction in any medium, so long as the resultant use is not for commercial advantage and provided the original work is properly cited.},
  issn = {2375-2548},
  doi = {10.1126/sciadv.1600282},
  language = {en},
  number = {5},
  journal = {Science Advances},
  author = {Dufois, Fran{\c c}ois and Hardman-Mountford, Nick J. and Greenwood, Jim and Richardson, Anthony J. and Feng, Ming and Matear, Richard J.},
  month = may,
  year = {2016},
  pages = {e1600282},
  file = {/Users/tylerrohr/Zotero/storage/83IJG3ZS/Dufois et al. - 2016 - Anticyclonic eddies are more productive than cyclo.pdf;/Users/tylerrohr/Zotero/storage/3XRMAWG2/e1600282.html}
}

@article{DufoisImpacteddiessurface2014,
  title = {Impact of Eddies on Surface Chlorophyll in the {{South Indian Ocean}}},
  volume = {119},
  issn = {2169-9291},
  doi = {10.1002/2014JC010164},
  language = {en},
  number = {11},
  journal = {Journal of Geophysical Research: Oceans},
  author = {Dufois, Fran{\c c}ois and Hardman-Mountford, Nick J. and Greenwood, Jim and Richardson, Anthony J. and Feng, Ming and Herbette, Steven and Matear, Richard},
  month = nov,
  year = {2014},
  keywords = {4520 Eddies and mesoscale processes,4855 Phytoplankton,4273 Physical and biogeochemical interactions,4572 Upper ocean and mixed layer processes,chlorophyll,4912 Biogeochemical cycles; processes; and modeling,convective mixing,Eddies,eddy-induced Ekman pumping,self-organizing map},
  pages = {8061--8077},
  file = {/Users/tylerrohr/Zotero/storage/2RVP4PWW/Dufois et al. - 2014 - Impact of eddies on surface chlorophyll in the Sou.pdf;/Users/tylerrohr/Zotero/storage/433URYXS/abstract.html}
}

@article{Boydroleironbiogeochemistry2002,
  series = {The Southern Ocean I: Climatic Changes in the Cycle of Carbon in the Southern Ocean},
  title = {The Role of Iron in the Biogeochemistry of the {{Southern Ocean}} and Equatorial {{Pacific}}: A Comparison of in Situ Iron Enrichments},
  volume = {49},
  issn = {0967-0645},
  shorttitle = {The Role of Iron in the Biogeochemistry of the {{Southern Ocean}} and Equatorial {{Pacific}}},
  doi = {10.1016/S0967-0645(02)00013-9},
  number = {9},
  journal = {Deep Sea Research Part II: Topical Studies in Oceanography},
  author = {Boyd, Philip W.},
  month = jan,
  year = {2002},
  pages = {1803--1821},
  file = {/Users/tylerrohr/Zotero/storage/IYJBL73X/S0967064502000139.html}
}

@article{Fauchereauresponsephytoplanktonbiomass2011,
  title = {The Response of Phytoplankton Biomass to Transient Mixing Events in the {{Southern Ocean}}},
  volume = {38},
  issn = {0094-8276},
  doi = {10.1029/2011GL048498},
  journal = {Geophysical Research Letters},
  author = {Fauchereau, Nicolas and Tagliabue, Alessandro and Bopp, Laurent and Monteiro, Pedro M. S.},
  month = sep,
  year = {2011},
  keywords = {Oceanography: Biological and Chemical: Phytoplankton,0414,0793,1615,4912),9315),and modeling (0412,Oceanography: Biological and Chemical: Biogeochemical cycles,Oceanography: General: Arctic and Antarctic oceanography (9310,processes,1050),2487,3285,4455,6934),Oceanography: Biological and Chemical: Nutrients and nutrient cycling (0470,Oceanography: General: Remote sensing and electromagnetic processes (0689},
  pages = {L17601}
}

@article{NelsonSverdruprevisitedCritical1991,
  title = {Sverdrup Revisited: {{Critical}} Depths, Maximum Chlorophyll Levels, and the Control of {{Southern Ocean}} Productivity by the Irradiance-Mixing Regime},
  volume = {36},
  issn = {1939-5590},
  shorttitle = {Sverdrup Revisited},
  doi = {10.4319/lo.1991.36.8.1650},
  language = {en},
  number = {8},
  journal = {Limnology and Oceanography},
  author = {Nelson, David M. and Smith, Walker 0.},
  month = dec,
  year = {1991},
  pages = {1650--1661},
  file = {/Users/tylerrohr/Zotero/storage/D8U9WMZD/Nelson and Smith - 1991 - Sverdrup revisited Critical depths, maximum chlor.pdf;/Users/tylerrohr/Zotero/storage/I7CBDFEH/abstract.html}
}

@article{DoneyMesoscalevariabilitySeaviewing2003,
  title = {Mesoscale Variability of {{Sea}}-Viewing {{Wide Field}}-of-View {{Sensor}} ({{SeaWiFS}}) Satellite Ocean Color: {{Global}} Patterns and Spatial Scales},
  volume = {108},
  issn = {2156-2202},
  shorttitle = {Mesoscale Variability of {{Sea}}-Viewing {{Wide Field}}-of-View {{Sensor}} ({{SeaWiFS}}) Satellite Ocean Color},
  doi = {10.1029/2001JC000843},
  language = {en},
  number = {C2},
  journal = {Journal of Geophysical Research: Oceans},
  author = {Doney, Scott C. and Glover, David M. and McCue, Scott J. and Fuentes, Montserrat},
  month = feb,
  year = {2003},
  keywords = {4275 Remote sensing and electromagnetic processes,4520 Eddies and mesoscale processes,4855 Phytoplankton,4815 Ecosystems; structure; dynamics; and modeling,4890 Zooplankton},
  pages = {3024},
  file = {/Users/tylerrohr/Zotero/storage/KDNLBC8L/Doney et al. - 2003 - Mesoscale variability of Sea-viewing Wide Field-of.pdf;/Users/tylerrohr/Zotero/storage/BKHRTA6J/abstract.html}
}

@article{RohrVariabilitymechanismscontrolling2017,
  title = {Variability in the Mechanisms Controlling {{Southern Ocean}} Phytoplankton Bloom Phenology in an Ocean Model and Satellite Observations},
  volume = {31},
  doi = {10.1002/2016gb005615},
  journal = {Global Biogeochemical Cycles},
  author = {Rohr, Tyler and Long, Matthew and T. Kavanaugh, Maria and Lindsay, Keith and Doney, Scott},
  month = may,
  year = {2017}
}

@article{SongSeasonalvariationcorrelation2018,
  title = {Seasonal Variation in the Correlation between Anomalies of Sea Level and Chlorophyll in the {{Antarctic Circumpolar Current}}},
  journal = {In Prep},
  author = {Song, H. and Long, M. C. and Gaube, P. and Frenger, I. and Marshall, J. and McGillicuddy, D. J.},
  year = {2018}
}

@article{Longrolemesoscaleeddies2018,
  title = {The Role of Mesoscale Eddies in Sustaining Oceanic Production},
  journal = {In Prep},
  author = {Long, M. C. and Gaube, P. and McGillicuddy, D. J. and O. Bryan, F.},
  year = {2018}
}

@article{MaximenkoMeanDynamicTopography2009,
  title = {Mean {{Dynamic Topography}} of the {{Ocean Derived}} from {{Satellite}} and {{Drifting Buoy Data Using Three Different Techniques}}},
  volume = {26},
  issn = {0739-0572},
  doi = {10.1175/2009JTECHO672.1},
  number = {9},
  journal = {Journal of Atmospheric and Oceanic Technology},
  author = {Maximenko, Nikolai and Niiler, Peter and Centurioni, Luca and Rio, Marie-Helene and Melnichenko, Oleg and Chambers, Don and Zlotnicki, Victor and Galperin, Boris},
  month = sep,
  year = {2009},
  pages = {1910--1919},
  file = {/Users/tylerrohr/Zotero/storage/PGFW8NG7/Maximenko et al. - 2009 - Mean Dynamic Topography of the Ocean Derived from .pdf;/Users/tylerrohr/Zotero/storage/GZUQ2IWG/2009JTECHO672.html}
}

@article{SalleeResponseAntarcticCircumpolar2008,
  title = {Response of the {{Antarctic Circumpolar Current}} to {{Atmospheric Variability}}},
  volume = {21},
  issn = {0894-8755},
  doi = {10.1175/2007JCLI1702.1},
  number = {12},
  journal = {Journal of Climate},
  author = {Sall{\'e}e, J. B. and Speer, K. and Morrow, R.},
  month = jun,
  year = {2008},
  pages = {3020--3039},
  file = {/Users/tylerrohr/Zotero/storage/D2JT64NR/Sallée et al. - 2008 - Response of the Antarctic Circumpolar Current to A.pdf;/Users/tylerrohr/Zotero/storage/JZ5NNBVR/2007JCLI1702.html}
}

@article{SmithParallelOceanProgram2010,
  title = {The {{Parallel Ocean Program}} ({{POP}}) Reference Manual: {{Ocean}} Component of the {{Community Climate System Model}} ({{CCSM}})},
  shorttitle = {The {{Parallel Ocean Program}} ({{POP}}) Reference Manual},
  language = {en},
  author = {Smith, R. and Jones, P. and Briegleb, P. and Bryan, O. and Danabasoglu, Gokhan and Dennis, M. and Dukowicz, J. and Eden, C. and Fox-Kemper, B. and Gent, R. and Hecht, M. and Jayne, S. and Jochum, Markus and Large, G. and Lindsay, Keith and Maltrud, M. and Norton, J. and Peacock, L. and Vertenstein, Mariana and Yeager, Stephen},
  year = {2010},
  file = {/Users/tylerrohr/Zotero/storage/S8RXIV35/Smith et al. - 2010 - The Parallel Ocean Program (POP) reference manual.pdf;/Users/tylerrohr/Zotero/storage/JQHQV8I2/manuscripts825.html}
}

@article{LargeDiurnaldecadalglobal2004,
  title = {Diurnal to Decadal Global Forcing for Ocean and Sea-Ice Models: {{The}} Data Sets and Flux Climatologies},
  shorttitle = {Diurnal to Decadal Global Forcing for Ocean and Sea-Ice Models},
  doi = {10.5065/D6KK98Q6},
  language = {en},
  author = {Large, G. and Yeager, Stephen},
  year = {2004},
  file = {/Users/tylerrohr/Zotero/storage/ZB4EIMSD/Large and Yeager - 2004 - Diurnal to decadal global forcing for ocean and se.pdf;/Users/tylerrohr/Zotero/storage/PKVLYWYG/technotes434.html}
}

@article{GriffiesCoordinatedOceaniceReference2009,
  title = {Coordinated {{Ocean}}-Ice {{Reference Experiments}} ({{COREs}})},
  volume = {26},
  issn = {1463-5003},
  doi = {10.1016/j.ocemod.2008.08.007},
  language = {en},
  number = {1-2},
  journal = {Ocean Modelling},
  author = {Griffies, Stephen and Biastoch, Arne and Boning, Claus and Bryan, Frank and Danabasoglu, Gokhan and Chassignet, Eric and England, Matthew and Gerdes, Rudiger and Haak, Helmuth},
  month = jan,
  year = {2009},
  pages = {1--46},
  file = {/Users/tylerrohr/Zotero/storage/3346A6QJ/S1463500308001182.html}
}

@article{HarrisonMesoscaleEffectsCarbon2018,
  title = {Mesoscale {{Effects}} on {{Carbon Export}}: {{A Global Perspective}}},
  volume = {0},
  issn = {0886-6236},
  shorttitle = {Mesoscale {{Effects}} on {{Carbon Export}}},
  doi = {10.1002/2017GB005751},
  number = {0},
  journal = {Global Biogeochemical Cycles},
  author = {Harrison, Cheryl S. and Long, Matthew C. and Lovenduski, Nicole S. and Moore, Jefferson K.},
  month = apr,
  year = {2018},
  keywords = {biophysical interactions,carbon export,Earth system model,mesoscale circulation,ocean eddies},
  file = {/Users/tylerrohr/Zotero/storage/9PJ4VW4D/Harrison Cheryl S. et al. - 2018 - Mesoscale Effects on Carbon Export A Global Persp.pdf;/Users/tylerrohr/Zotero/storage/XWSEVBL3/2017GB005751.html}
}

@article{Stevensdistributionkineticenergy1992,
  title = {The Distribution of Kinetic Energy in the {{Southern Ocean}}: A Comparison between Observations and an Eddy Resolving General Circulation Model},
  volume = {338},
  copyright = {Scanned images copyright \textcopyright{} 2017, Royal Society},
  issn = {0962-8436, 1471-2970},
  shorttitle = {The Distribution of Kinetic Energy in the {{Southern Ocean}}},
  doi = {10.1098/rstb.1992.0145},
  language = {en},
  number = {1285},
  journal = {Phil. Trans. R. Soc. Lond. B},
  author = {Stevens, David P. and Killworth, Peter D.},
  month = nov,
  year = {1992},
  pages = {251--257},
  file = {/Users/tylerrohr/Zotero/storage/WJT5QDVA/251.html}
}

@article{MeredithMichaelP.Understandingstructurechanges2016,
  title = {Understanding the Structure of Changes in the {{Southern Ocean}} Eddy Field},
  volume = {43},
  issn = {0094-8276},
  doi = {10.1002/2016GL069677},
  number = {11},
  journal = {Geophysical Research Letters},
  author = {{Meredith Michael P.}},
  month = may,
  year = {2016},
  keywords = {atmospheric forcing,mesoscale eddies,ocean circulation,ocean dynamics,Southern Ocean},
  pages = {5829--5832},
  file = {/Users/tylerrohr/Zotero/storage/HLMWMBGC/Meredith Michael P. - 2016 - Understanding the structure of changes in the Sout.pdf;/Users/tylerrohr/Zotero/storage/3AJLL4RA/2016GL069677.html}
}

@article{RohrEddyInducedVariabilityinprep.,
  title = {Eddy {{Induced Variability}} in {{Depth Integrated Biomass}}},
  author = {Rohr, Tyler},
  year = {in prep.}
}

@article{MahadevanCommentEddywind2008,
  title = {Comment on "{{Eddy}}/Wind Interactions Stimulate Extraordinary Mid-Ocean Plankton Blooms"},
  volume = {320},
  issn = {1095-9203},
  doi = {10.1126/science.1152111},
  language = {eng},
  number = {5875},
  journal = {Science (New York, N.Y.)},
  author = {Mahadevan, Amala and Thomas, Leif N. and Tandon, Amit},
  month = apr,
  year = {2008},
  keywords = {Animals,Oceans and Seas,Phytoplankton,Plankton,Seawater,Water Movements,Wind},
  pages = {448; author reply 448},
  pmid = {18436758}
}


